Date	Dn - Wind direction minimum[D]	Dm - Wind direction average[D]	Dx - Wind direction maximum[D]	Sn - Wind speed Minimum[M]	Sm - Wind speed average[M]	Sx - Wind speed maximum[M]	Ta - Air temperature[C]	Ua - Relative humidity[P]	Pa - Air pressure[H]	Rc - Rain accumulation[M]	Hc - Hail accumulation[M]	Th - Heating temperature[C]	Vh - Heating voltage[V]
08.05.2021 00:00:00	166	258	351	0.9	1.9	4.1	14.0	54.0	907.5	0.00	0.0	14.9	24.2
08.05.2021 00:00:10	101	246	313	0.9	1.7	2.5	14.0	54.0	907.5	0.00	0.0	14.9	24.2
08.05.2021 00:00:20	024	321	174	1.2	1.8	2.4	14.0	54.0	907.5	0.00	0.0	14.8	24.0
08.05.2021 00:00:30	036	292	140	0.7	1.8	2.9	14.0	54.0	907.5	0.00	0.0	14.8	24.0
08.05.2021 00:00:40	092	354	213	0.5	1.4	2.5	14.0	53.8	907.5	0.00	0.0	15.0	24.2
08.05.2021 00:00:50	280	322	316	0.5	1.9	3.4	14.0	53.8	907.5	0.00	0.0	15.1	24.2
08.05.2021 00:01:00	099	358	168	0.5	1.3	2.8	14.0	53.8	907.5	0.00	0.0	15.1	24.2
08.05.2021 00:01:10	011	278	099	0.5	1.6	2.8	14.0	53.8	907.5	0.00	0.0	15.1	24.2
08.05.2021 00:01:20	194	299	348	0.9	2.0	2.9	14.0	53.8	907.5	0.00	0.0	15.0	24.2
08.05.2021 00:01:30	052	335	285	0.9	1.9	2.8	14.0	53.8	907.5	0.00	0.0	14.9	24.2
08.05.2021 00:01:40	001	272	162	0.4	1.5	3.3	14.0	54.0	907.5	0.00	0.0	14.8	23.9
08.05.2021 00:01:50	144	257	296	0.7	2.2	4.5	14.0	54.0	907.5	0.00	0.0	14.9	24.1
08.05.2021 00:02:00	181	281	344	0.6	1.6	3.4	14.0	54.0	907.5	0.00	0.0	14.9	24.2
08.05.2021 00:02:10	074	274	166	0.3	2.0	3.5	14.0	54.0	907.5	0.00	0.0	14.9	24.2
08.05.2021 00:02:20	223	282	335	0.8	2.1	3.6	14.0	54.0	907.5	0.00	0.0	14.9	24.2
08.05.2021 00:02:30	063	307	210	0.6	1.7	3.1	14.0	54.0	907.5	0.00	0.0	14.9	24.3
08.05.2021 00:02:40	240	326	336	0.4	1.8	2.8	14.0	54.3	907.6	0.00	0.0	14.8	24.0
08.05.2021 00:02:50	174	249	338	0.7	1.6	4.0	14.0	54.3	907.6	0.00	0.0	14.9	24.0
08.05.2021 00:03:00	144	247	340	0.9	2.0	3.6	14.0	54.3	907.6	0.00	0.0	14.9	24.2
08.05.2021 00:03:10	275	314	357	0.6	1.5	2.2	14.0	54.3	907.6	0.00	0.0	15.0	24.3
08.05.2021 00:03:20	107	023	301	0.5	1.2	2.1	14.0	54.3	907.6	0.00	0.0	15.0	24.2
08.05.2021 00:03:30	181	300	350	0.7	1.9	2.5	14.0	54.3	907.6	0.00	0.0	15.0	24.2
08.05.2021 00:03:40	297	273	315	0.7	1.6	2.4	14.0	53.8	907.6	0.00	0.0	15.0	24.2
08.05.2021 00:03:50	103	352	263	0.6	1.5	2.8	14.0	53.8	907.6	0.00	0.0	14.9	24.1
08.05.2021 00:04:00	014	296	199	0.6	1.4	2.6	14.0	53.8	907.6	0.00	0.0	14.8	24.0
08.05.2021 00:04:10	135	250	352	0.6	1.7	3.6	14.0	53.8	907.6	0.00	0.0	14.9	23.9
08.05.2021 00:04:20	021	346	135	0.8	1.8	3.3	14.0	53.8	907.6	0.00	0.0	15.0	24.3
08.05.2021 00:04:30	027	306	100	0.4	2.0	5.1	14.0	53.8	907.6	0.00	0.0	15.0	24.2
08.05.2021 00:04:40	095	235	354	1.1	2.2	4.1	13.9	54.6	907.6	0.00	0.0	15.0	24.2
08.05.2021 00:04:50	092	288	203	0.9	2.1	4.4	13.9	54.6	907.6	0.00	0.0	15.0	24.2
08.05.2021 00:05:00	194	316	333	0.4	1.5	3.4	13.9	54.6	907.6	0.00	0.0	15.0	24.2
08.05.2021 00:05:10	069	274	113	0.3	1.3	2.5	13.9	54.6	907.6	0.00	0.0	14.8	24.0
08.05.2021 00:05:20	050	332	225	0.3	1.3	2.3	13.9	54.6	907.6	0.00	0.0	14.8	24.1
08.05.2021 00:05:30	004	282	118	0.4	1.5	3.1	13.9	54.6	907.6	0.00	0.0	15.0	24.2
08.05.2021 00:05:40	024	346	076	0.4	1.3	2.1	13.9	54.7	907.6	0.00	0.0	15.0	24.2
08.05.2021 00:05:50	055	294	235	0.5	1.3	2.8	13.9	54.7	907.6	0.00	0.0	15.0	24.2
08.05.2021 00:06:00	193	304	347	0.3	1.2	1.7	13.9	54.7	907.6	0.00	0.0	15.0	24.2
08.05.2021 00:06:10	086	306	205	0.4	1.4	2.4	13.9	54.7	907.6	0.00	0.0	14.9	24.2
08.05.2021 00:06:20	063	254	323	0.3	1.2	2.4	13.9	54.7	907.6	0.00	0.0	14.8	24.0
08.05.2021 00:06:30	078	277	328	0.3	1.4	3.4	13.9	54.7	907.6	0.00	0.0	14.9	24.1
08.05.2021 00:06:40	172	274	348	0.7	1.5	3.0	13.9	54.8	907.6	0.00	0.0	15.0	24.2
08.05.2021 00:06:50	172	281	354	0.8	1.7	2.6	13.9	54.8	907.6	0.00	0.0	15.0	24.2
08.05.2021 00:07:00	123	042	240	0.5	1.9	4.8	13.9	54.8	907.6	0.00	0.0	14.9	24.2
08.05.2021 00:07:10	016	293	160	0.3	1.0	2.1	13.9	54.8	907.6	0.00	0.0	14.8	24.2
08.05.2021 00:07:20	168	283	350	0.7	1.5	3.1	13.9	54.8	907.6	0.00	0.0	14.8	24.0
08.05.2021 00:07:30	231	179	275	0.3	1.3	2.3	13.9	54.8	907.6	0.00	0.0	14.8	24.0
08.05.2021 00:07:40	147	245	355	0.5	1.7	3.2	13.9	54.5	907.6	0.00	0.0	15.0	24.2
08.05.2021 00:07:50	133	272	298	0.5	1.3	2.5	13.9	54.5	907.6	0.00	0.0	15.0	24.2
08.05.2021 00:08:00	038	281	103	0.3	1.0	2.0	13.9	54.5	907.6	0.00	0.0	15.0	24.2
08.05.2021 00:08:10	155	269	348	0.5	1.3	2.6	13.9	54.5	907.6	0.00	0.0	15.0	24.2
08.05.2021 00:08:20	275	242	303	0.7	1.5	3.2	13.9	54.5	907.6	0.00	0.0	14.9	24.2
08.05.2021 00:08:30	075	006	128	0.6	1.5	3.0	13.9	54.5	907.6	0.00	0.0	14.8	24.1
08.05.2021 00:08:40	307	222	339	0.6	1.4	3.2	13.9	54.5	907.6	0.00	0.0	14.8	23.8
08.05.2021 00:08:50	202	276	315	0.8	1.8	3.8	13.9	54.5	907.6	0.00	0.0	14.9	24.0
08.05.2021 00:09:00	013	288	177	0.2	1.0	1.6	13.9	54.5	907.6	0.00	0.0	15.0	24.2
08.05.2021 00:09:10	184	288	353	0.6	1.4	3.1	13.9	54.5	907.6	0.00	0.0	15.1	24.2
08.05.2021 00:09:20	008	254	344	0.4	1.2	1.9	13.9	54.5	907.6	0.00	0.0	15.1	24.2
08.05.2021 00:09:30	236	300	330	0.4	1.5	2.2	13.9	54.5	907.6	0.00	0.0	14.9	24.2
08.05.2021 00:09:40	047	303	216	0.6	1.3	2.0	13.8	54.7	907.6	0.00	0.0	15.0	24.2
08.05.2021 00:09:50	149	280	323	0.4	1.6	2.4	13.8	54.7	907.6	0.00	0.0	14.9	24.2
08.05.2021 00:10:00	089	251	205	0.4	1.6	3.0	13.8	54.7	907.6	0.00	0.0	14.8	24.0
08.05.2021 00:10:10	069	280	190	0.3	1.1	2.5	13.8	54.7	907.6	0.00	0.0	14.8	24.0
08.05.2021 00:10:20	011	278	233	0.3	1.6	3.1	13.8	54.7	907.6	0.00	0.0	14.9	24.1
08.05.2021 00:10:30	096	290	184	0.4	1.5	3.4	13.8	54.7	907.6	0.00	0.0	15.0	24.2
08.05.2021 00:10:40	068	185	354	0.4	1.5	3.5	13.8	55.2	907.6	0.00	0.0	15.2	24.2
08.05.2021 00:10:50	139	275	329	0.4	1.6	2.5	13.8	55.2	907.6	0.00	0.0	15.1	24.2
08.05.2021 00:11:00	071	231	177	0.7	1.5	3.4	13.8	55.2	907.6	0.00	0.0	15.1	24.2
08.05.2021 00:11:10	072	255	307	0.5	1.7	2.8	13.8	55.2	907.6	0.00	0.0	15.0	24.2
08.05.2021 00:11:20	107	286	194	0.8	1.5	2.1	13.8	55.2	907.6	0.00	0.0	14.9	24.2
08.05.2021 00:11:30	171	262	346	0.5	1.8	3.7	13.8	55.2	907.6	0.00	0.0	14.8	23.9
08.05.2021 00:11:40	316	202	323	0.5	1.3	3.1	13.8	54.3	907.7	0.00	0.0	14.9	24.0
08.05.2021 00:11:50	046	306	125	0.6	1.5	2.7	13.8	54.3	907.7	0.00	0.0	15.0	24.2
08.05.2021 00:12:00	006	326	227	0.2	1.3	2.3	13.8	54.3	907.7	0.00	0.0	15.0	24.2
08.05.2021 00:12:10	009	297	188	0.6	1.4	2.1	13.8	54.3	907.7	0.00	0.0	15.0	24.2
08.05.2021 00:12:20	007	279	180	0.5	1.2	1.9	13.8	54.3	907.7	0.00	0.0	15.0	24.2
08.05.2021 00:12:30	178	298	351	0.4	1.2	2.9	13.8	54.3	907.7	0.00	0.0	14.9	24.2
08.05.2021 00:12:40	164	239	315	0.4	1.8	2.7	13.8	54.5	907.6	0.00	0.0	14.9	24.1
08.05.2021 00:12:50	131	242	349	0.5	1.9	3.3	13.8	54.5	907.6	0.00	0.0	14.8	24.0
08.05.2021 00:13:00	099	319	200	0.3	0.9	1.6	13.8	54.5	907.6	0.00	0.0	14.8	24.0
08.05.2021 00:13:10	287	256	292	0.2	1.3	2.7	13.8	54.5	907.6	0.00	0.0	15.0	24.2
08.05.2021 00:13:20	005	298	202	0.6	1.3	2.1	13.8	54.5	907.6	0.00	0.0	15.1	24.3
08.05.2021 00:13:30	110	231	354	0.8	1.5	2.3	13.8	54.5	907.6	0.00	0.0	15.2	24.2
08.05.2021 00:13:40	140	219	295	0.5	1.8	3.0	13.8	54.5	907.7	0.00	0.0	15.1	24.2
08.05.2021 00:13:50	023	245	154	0.9	1.5	2.9	13.8	54.5	907.7	0.00	0.0	14.9	24.2
08.05.2021 00:14:00	014	311	211	0.4	1.2	2.8	13.8	54.5	907.7	0.00	0.0	14.9	24.2
08.05.2021 00:14:10	014	318	249	0.4	1.4	1.9	13.8	54.5	907.7	0.00	0.0	14.8	23.9
08.05.2021 00:14:20	045	326	233	0.3	1.1	2.1	13.8	54.5	907.7	0.00	0.0	14.8	23.9
08.05.2021 00:14:30	005	299	175	0.2	1.4	2.3	13.8	54.5	907.7	0.00	0.0	14.9	24.1
08.05.2021 00:14:40	206	268	338	0.8	1.5	2.9	13.7	54.4	907.7	0.00	0.0	15.1	24.2
08.05.2021 00:14:50	122	352	264	0.4	1.4	2.0	13.7	54.4	907.7	0.00	0.0	15.1	24.2
08.05.2021 00:15:00	058	229	287	0.7	2.2	4.0	13.7	54.4	907.7	0.00	0.0	15.0	24.2
08.05.2021 00:15:10	034	268	092	0.6	1.3	2.1	13.7	54.4	907.7	0.00	0.0	15.0	24.2
08.05.2021 00:15:20	185	311	357	0.6	1.3	2.3	13.7	54.4	907.7	0.00	0.0	14.9	24.2
08.05.2021 00:15:30	276	131	332	0.5	1.2	2.1	13.7	54.4	907.7	0.00	0.0	14.9	23.9
08.05.2021 00:15:40	258	301	314	0.5	1.4	2.1	13.7	54.8	907.7	0.00	0.0	14.8	24.0
08.05.2021 00:15:50	015	307	137	0.4	1.1	2.2	13.7	54.8	907.7	0.00	0.0	14.9	24.2
08.05.2021 00:16:00	059	276	134	0.5	1.2	2.1	13.7	54.8	907.7	0.00	0.0	15.0	24.2
08.05.2021 00:16:10	165	270	331	0.5	1.3	3.0	13.7	54.8	907.7	0.00	0.0	15.1	24.2
08.05.2021 00:16:20	018	245	080	0.3	1.2	3.1	13.7	54.8	907.7	0.00	0.0	15.0	24.2
08.05.2021 00:16:30	075	271	103	0.6	1.3	2.4	13.7	54.8	907.7	0.00	0.0	15.0	24.2
08.05.2021 00:16:40	142	230	300	0.6	1.4	2.9	13.7	54.6	907.7	0.00	0.0	14.9	24.2
08.05.2021 00:16:50	096	223	336	0.2	1.0	1.9	13.7	54.6	907.7	0.00	0.0	14.8	24.0
08.05.2021 00:17:00	162	247	356	0.3	1.0	2.1	13.7	54.6	907.7	0.00	0.0	14.8	23.9
08.05.2021 00:17:10	057	137	152	0.3	0.9	1.8	13.7	54.6	907.7	0.00	0.0	14.9	24.1
08.05.2021 00:17:20	142	247	313	0.5	1.0	1.9	13.7	54.6	907.7	0.00	0.0	15.1	24.2
08.05.2021 00:17:30	258	205	356	0.2	1.0	2.5	13.7	54.6	907.7	0.00	0.0	15.1	24.2
08.05.2021 00:17:40	059	166	265	0.2	0.8	1.4	13.7	54.7	907.7	0.00	0.0	15.2	24.2
08.05.2021 00:17:50	092	301	160	0.5	1.1	2.0	13.7	54.7	907.7	0.00	0.0	15.1	24.2
08.05.2021 00:18:00	092	345	270	0.3	0.8	1.7	13.7	54.7	907.7	0.00	0.0	15.0	24.2
08.05.2021 00:18:10	262	140	326	0.3	1.1	3.0	13.7	54.7	907.7	0.00	0.0	14.9	24.2
08.05.2021 00:18:20	055	216	344	0.3	1.0	1.9	13.7	54.7	907.7	0.00	0.0	14.8	24.0
08.05.2021 00:18:30	077	327	164	0.2	0.8	1.7	13.7	54.7	907.7	0.00	0.0	14.8	23.9
08.05.2021 00:18:40	310	228	351	0.2	0.6	1.2	13.7	54.9	907.7	0.00	0.0	14.9	24.2
08.05.2021 00:18:50	252	136	289	0.2	0.8	2.6	13.7	54.9	907.7	0.00	0.0	15.0	24.2
08.05.2021 00:19:00	102	293	149	0.3	0.9	1.8	13.7	54.9	907.7	0.00	0.0	15.1	24.2
08.05.2021 00:19:10	097	247	337	0.2	0.7	1.2	13.7	54.9	907.7	0.00	0.0	15.0	24.2
08.05.2021 00:19:20	228	106	270	0.4	1.0	1.7	13.7	54.9	907.7	0.00	0.0	15.0	24.2
08.05.2021 00:19:30	200	073	308	0.4	1.1	2.3	13.7	54.9	907.7	0.00	0.0	15.0	24.2
08.05.2021 00:19:40	117	100	186	0.2	0.7	1.5	13.6	55.3	907.7	0.00	0.0	14.8	24.0
08.05.2021 00:19:50	237	063	289	0.2	0.7	1.0	13.6	55.3	907.7	0.00	0.0	14.9	24.0
08.05.2021 00:20:00	070	274	352	0.2	0.8	1.8	13.6	55.3	907.7	0.00	0.0	14.9	24.3
08.05.2021 00:20:10	063	145	166	0.3	1.0	2.0	13.6	55.3	907.7	0.00	0.0	15.0	24.2
08.05.2021 00:20:20	101	003	219	0.4	0.9	2.0	13.6	55.3	907.7	0.00	0.0	15.0	24.2
08.05.2021 00:20:30	268	140	344	0.4	1.0	2.0	13.6	55.3	907.7	0.00	0.0	14.9	24.2
08.05.2021 00:20:40	250	268	283	0.1	0.7	1.6	13.6	55.1	907.7	0.00	0.0	14.9	24.2
08.05.2021 00:20:50	097	216	352	0.2	0.6	1.0	13.6	55.1	907.7	0.00	0.0	14.8	24.0
08.05.2021 00:21:00	254	130	308	0.3	0.8	1.3	13.6	55.1	907.7	0.00	0.0	14.8	24.0
08.05.2021 00:21:10	036	198	329	0.1	0.7	1.6	13.6	55.1	907.7	0.00	0.0	14.9	24.3
08.05.2021 00:21:20	201	089	289	0.2	1.1	1.9	13.6	55.1	907.7	0.00	0.0	15.0	24.2
08.05.2021 00:21:30	171	123	239	0.2	0.7	1.3	13.6	55.1	907.7	0.00	0.0	15.0	24.2
08.05.2021 00:21:40	309	144	352	0.3	0.9	2.2	13.5	55.1	907.8	0.00	0.0	15.1	24.2
08.05.2021 00:21:50	031	229	049	0.3	0.8	1.3	13.5	55.1	907.8	0.00	0.0	15.0	24.2
08.05.2021 00:22:00	067	248	309	0.3	0.8	1.5	13.5	55.1	907.8	0.00	0.0	14.9	24.2
08.05.2021 00:22:10	108	341	192	0.1	0.5	1.0	13.5	55.1	907.8	0.00	0.0	14.7	24.0
08.05.2021 00:22:20	173	080	210	0.4	0.8	1.3	13.5	55.1	907.8	0.00	0.0	14.8	24.0
08.05.2021 00:22:30	012	216	286	0.3	0.8	1.7	13.5	55.1	907.8	0.00	0.0	14.9	24.1
08.05.2021 00:22:40	250	106	000	0.3	1.4	2.4	13.5	55.0	907.8	0.00	0.0	15.0	24.2
08.05.2021 00:22:50	042	111	191	1.0	1.8	3.0	13.5	55.0	907.8	0.00	0.0	15.1	24.2
08.05.2021 00:23:00	094	121	163	1.2	2.2	3.1	13.5	55.0	907.8	0.00	0.0	15.1	24.2
08.05.2021 00:23:10	076	114	160	0.4	1.6	2.7	13.5	55.0	907.8	0.00	0.0	15.0	24.2
08.05.2021 00:23:20	117	131	163	1.3	2.5	3.5	13.5	55.0	907.8	0.00	0.0	14.9	24.2
08.05.2021 00:23:30	110	128	158	1.6	2.9	3.5	13.5	55.0	907.8	0.00	0.0	14.8	24.0
08.05.2021 00:23:40	099	130	181	0.8	1.8	2.8	13.4	54.1	907.8	0.00	0.0	14.8	24.0
08.05.2021 00:23:50	067	121	167	0.7	2.3	3.6	13.4	54.1	907.8	0.00	0.0	14.9	24.1
08.05.2021 00:24:00	094	122	169	1.4	2.5	3.7	13.4	54.1	907.8	0.00	0.0	15.0	24.2
08.05.2021 00:24:10	149	121	171	0.4	1.5	2.8	13.4	54.1	907.8	0.00	0.0	15.0	24.2
08.05.2021 00:24:20	059	156	330	0.3	1.5	2.0	13.4	54.1	907.8	0.00	0.0	15.0	24.2
08.05.2021 00:24:30	053	099	222	0.3	1.5	2.7	13.4	54.1	907.8	0.00	0.0	15.0	24.2
08.05.2021 00:24:40	064	130	235	0.7	1.3	2.2	13.3	54.8	907.8	0.00	0.0	14.9	24.1
08.05.2021 00:24:50	006	126	254	0.3	1.4	3.1	13.3	54.8	907.8	0.00	0.0	14.8	24.0
08.05.2021 00:25:00	043	123	261	0.5	1.1	2.5	13.3	54.8	907.8	0.00	0.0	14.9	24.0
08.05.2021 00:25:10	213	152	262	0.2	0.9	1.9	13.3	54.8	907.8	0.00	0.0	14.9	24.3
08.05.2021 00:25:20	236	138	333	0.2	1.0	2.8	13.3	54.8	907.8	0.00	0.0	15.0	24.2
08.05.2021 00:25:30	053	152	311	0.4	1.2	2.1	13.3	54.8	907.8	0.00	0.0	15.0	24.2
08.05.2021 00:25:40	054	181	344	0.3	0.8	1.5	13.3	55.1	907.8	0.00	0.0	15.0	24.2
08.05.2021 00:25:50	250	103	341	0.1	1.3	2.1	13.3	55.1	907.8	0.00	0.0	14.8	24.2
08.05.2021 00:26:00	017	120	250	0.6	1.3	2.4	13.3	55.1	907.8	0.00	0.0	14.8	24.0
08.05.2021 00:26:10	218	137	286	0.2	0.8	1.8	13.3	55.1	907.8	0.00	0.0	14.8	24.0
08.05.2021 00:26:20	110	074	191	0.2	0.9	2.0	13.3	55.1	907.8	0.00	0.0	15.0	24.2
08.05.2021 00:26:30	082	305	348	0.2	0.8	2.3	13.3	55.1	907.8	0.00	0.0	15.1	24.2
08.05.2021 00:26:40	055	264	067	0.5	0.9	1.6	13.2	55.3	907.8	0.00	0.0	15.2	24.2
08.05.2021 00:26:50	260	171	312	0.2	1.0	2.7	13.2	55.3	907.8	0.00	0.0	15.0	24.2
08.05.2021 00:27:00	025	171	306	0.2	0.8	1.7	13.2	55.3	907.8	0.00	0.0	15.0	24.2
08.05.2021 00:27:10	094	025	249	0.2	0.5	1.1	13.2	55.3	907.8	0.00	0.0	14.9	24.2
08.05.2021 00:27:20	104	201	250	0.2	1.0	2.1	13.2	55.3	907.8	0.00	0.0	14.8	24.0
08.05.2021 00:27:30	083	356	186	0.4	0.8	1.2	13.2	55.3	907.8	0.00	0.0	14.8	24.0
08.05.2021 00:27:40	030	213	326	0.2	0.8	1.3	13.2	55.0	907.8	0.00	0.0	15.0	24.2
08.05.2021 00:27:50	043	181	314	0.4	1.0	2.4	13.2	55.0	907.8	0.00	0.0	15.1	24.2
08.05.2021 00:28:00	198	090	224	0.2	1.2	1.8	13.2	55.0	907.8	0.00	0.0	15.0	24.2
08.05.2021 00:28:10	050	171	325	0.2	0.8	1.6	13.2	55.0	907.8	0.00	0.0	15.0	24.2
08.05.2021 00:28:20	067	288	106	0.2	0.9	2.1	13.2	55.0	907.8	0.00	0.0	14.9	24.2
08.05.2021 00:28:30	125	034	156	0.2	1.0	2.2	13.2	55.0	907.8	0.00	0.0	14.8	24.0
08.05.2021 00:28:40	051	148	241	0.5	1.2	2.0	13.1	55.4	907.9	0.00	0.0	14.8	23.8
08.05.2021 00:28:50	228	150	318	0.3	0.6	1.1	13.1	55.4	907.9	0.00	0.0	14.9	24.0
08.05.2021 00:29:00	053	192	329	0.1	0.8	2.3	13.1	55.4	907.9	0.00	0.0	15.0	24.2
08.05.2021 00:29:10	211	088	334	0.3	1.1	2.3	13.1	55.4	907.9	0.00	0.0	15.0	24.2
08.05.2021 00:29:20	019	097	273	0.4	1.0	2.0	13.1	55.4	907.9	0.00	0.0	15.0	24.2
08.05.2021 00:29:30	059	148	252	0.5	1.1	1.7	13.1	55.4	907.9	0.00	0.0	14.9	24.2
08.05.2021 00:29:40	270	132	284	0.3	0.7	1.2	13.1	55.3	907.9	0.00	0.0	14.9	24.2
08.05.2021 00:29:50	036	118	209	0.5	0.9	1.6	13.1	55.3	907.9	0.00	0.0	14.8	24.1
08.05.2021 00:30:00	094	214	319	0.2	0.6	1.2	13.1	55.3	907.9	0.00	0.0	14.8	24.0
08.05.2021 00:30:10	076	179	283	0.1	0.8	2.1	13.1	55.3	907.9	0.00	0.0	14.9	24.1
08.05.2021 00:30:20	227	120	282	0.0	0.7	1.6	13.1	55.3	907.9	0.00	0.0	15.0	24.2
08.05.2021 00:30:30	001	143	279	0.3	0.6	1.0	13.1	55.3	907.9	0.00	0.0	15.0	24.2
08.05.2021 00:30:40	108	265	149	0.2	1.0	2.4	13.1	55.5	907.8	0.00	0.0	15.0	24.2
08.05.2021 00:30:50	085	272	095	0.2	0.9	1.4	13.1	55.5	907.8	0.00	0.0	14.9	24.2
08.05.2021 00:31:00	003	140	257	0.4	1.0	2.4	13.1	55.5	907.8	0.00	0.0	14.8	24.2
08.05.2021 00:31:10	223	121	229	0.2	0.6	1.3	13.1	55.5	907.8	0.00	0.0	14.8	23.9
08.05.2021 00:31:20	198	108	348	0.2	0.7	1.7	13.1	55.5	907.8	0.00	0.0	14.8	24.0
08.05.2021 00:31:30	053	203	316	0.3	0.7	1.3	13.1	55.5	907.8	0.00	0.0	15.0	24.2
08.05.2021 00:31:40	127	012	157	0.5	0.9	2.2	13.0	55.4	907.8	0.00	0.0	15.0	24.2
08.05.2021 00:31:50	210	137	253	0.2	1.0	2.2	13.0	55.4	907.8	0.00	0.0	15.0	24.2
08.05.2021 00:32:00	084	328	210	0.2	0.7	1.3	13.0	55.4	907.8	0.00	0.0	15.0	24.2
08.05.2021 00:32:10	134	259	330	0.2	0.5	0.9	13.0	55.4	907.8	0.00	0.0	14.9	24.2
08.05.2021 00:32:20	133	284	000	0.3	0.6	1.4	13.0	55.4	907.8	0.00	0.0	14.8	24.0
08.05.2021 00:32:30	043	175	266	0.2	0.8	1.8	13.0	55.4	907.8	0.00	0.0	14.8	24.0
08.05.2021 00:32:40	220	067	249	0.2	0.6	1.3	13.0	55.6	907.9	0.00	0.0	14.9	24.3
08.05.2021 00:32:50	018	284	183	0.2	0.6	1.1	13.0	55.6	907.9	0.00	0.0	15.0	24.2
08.05.2021 00:33:00	259	040	284	0.2	0.5	1.2	13.0	55.6	907.9	0.00	0.0	15.1	24.2
08.05.2021 00:33:10	047	190	259	0.2	0.9	1.9	13.0	55.6	907.9	0.00	0.0	15.0	24.2
08.05.2021 00:33:20	162	088	352	0.3	0.8	1.8	13.0	55.6	907.9	0.00	0.0	14.9	24.2
08.05.2021 00:33:30	047	297	097	0.3	0.9	2.1	13.0	55.6	907.9	0.00	0.0	14.8	24.1
08.05.2021 00:33:40	194	126	265	0.2	0.7	1.7	13.0	55.9	907.9	0.00	0.0	14.8	23.8
08.05.2021 00:33:50	047	152	304	0.3	0.8	1.4	13.0	55.9	907.9	0.00	0.0	14.8	24.0
08.05.2021 00:34:00	071	129	191	0.8	1.5	2.2	13.0	55.9	907.9	0.00	0.0	15.0	24.2
08.05.2021 00:34:10	089	122	170	0.7	1.4	1.9	13.0	55.9	907.9	0.00	0.0	15.1	24.3
08.05.2021 00:34:20	035	124	192	0.4	1.1	1.7	13.0	55.9	907.9	0.00	0.0	15.1	24.2
08.05.2021 00:34:30	057	117	202	0.5	1.3	2.2	13.0	55.9	907.9	0.00	0.0	15.0	24.2
08.05.2021 00:34:40	047	119	196	0.4	1.1	1.9	12.9	55.4	907.9	0.00	0.0	14.9	24.2
08.05.2021 00:34:50	083	125	176	0.5	1.5	2.1	12.9	55.4	907.9	0.00	0.0	14.8	24.1
08.05.2021 00:35:00	078	123	177	0.4	1.3	1.9	12.9	55.4	907.9	0.00	0.0	14.8	24.0
08.05.2021 00:35:10	096	130	165	1.0	1.6	2.2	12.9	55.4	907.9	0.00	0.0	14.8	24.0
08.05.2021 00:35:20	071	128	263	0.2	1.1	2.3	12.9	55.4	907.9	0.00	0.0	15.0	24.2
08.05.2021 00:35:30	246	124	319	0.3	0.9	1.7	12.9	55.4	907.9	0.00	0.0	15.1	24.2
08.05.2021 00:35:40	069	132	213	0.5	1.4	2.1	12.9	55.5	907.9	0.00	0.0	15.1	24.2
08.05.2021 00:35:50	177	107	327	0.3	0.8	1.4	12.9	55.5	907.9	0.00	0.0	15.0	24.2
08.05.2021 00:36:00	004	106	183	0.2	0.8	1.8	12.9	55.5	907.9	0.00	0.0	14.9	24.2
08.05.2021 00:36:10	219	115	000	0.3	1.0	1.6	12.9	55.5	907.9	0.00	0.0	14.8	24.0
08.05.2021 00:36:20	246	127	347	0.3	0.8	2.5	12.9	55.5	907.9	0.00	0.0	14.8	23.7
08.05.2021 00:36:30	208	101	354	0.2	0.8	1.6	12.9	55.5	907.9	0.00	0.0	14.8	24.0
08.05.2021 00:36:40	230	072	301	0.2	0.8	1.5	12.8	55.8	907.9	0.00	0.0	15.0	24.2
08.05.2021 00:36:50	157	085	248	0.2	1.1	2.7	12.8	55.8	907.9	0.00	0.0	15.2	24.2
08.05.2021 00:37:00	047	143	236	0.1	0.9	2.0	12.8	55.8	907.9	0.00	0.0	15.1	24.2
08.05.2021 00:37:10	220	139	338	0.2	1.1	2.0	12.8	55.8	907.9	0.00	0.0	15.0	24.2
08.05.2021 00:37:20	289	141	314	0.3	0.8	1.5	12.8	55.8	907.9	0.00	0.0	14.9	24.2
08.05.2021 00:37:30	065	125	228	0.4	1.1	1.7	12.8	55.8	907.9	0.00	0.0	14.9	24.1
08.05.2021 00:37:40	080	129	217	0.4	1.2	1.8	12.8	56.1	908.0	0.00	0.0	14.8	24.1
08.05.2021 00:37:50	063	118	192	0.8	1.4	1.8	12.8	56.1	908.0	0.00	0.0	14.8	24.0
08.05.2021 00:38:00	068	143	231	0.4	1.0	1.4	12.8	56.1	908.0	0.00	0.0	14.9	24.2
08.05.2021 00:38:10	066	127	191	0.4	1.2	2.3	12.8	56.1	908.0	0.00	0.0	15.0	24.2
08.05.2021 00:38:20	067	126	201	0.6	1.0	1.6	12.8	56.1	908.0	0.00	0.0	15.0	24.2
08.05.2021 00:38:30	044	124	228	0.4	1.1	2.0	12.8	56.1	908.0	0.00	0.0	15.0	24.2
08.05.2021 00:38:40	071	205	240	0.4	1.1	2.4	12.8	56.3	908.0	0.00	0.0	15.0	24.2
08.05.2021 00:38:50	074	126	201	0.7	1.2	1.7	12.8	56.3	908.0	0.00	0.0	14.8	24.1
08.05.2021 00:39:00	090	111	111	0.2	1.1	1.9	12.8	56.3	908.0	0.00	0.0	14.8	24.0
08.05.2021 00:39:10	067	128	183	0.3	0.9	1.9	12.8	56.3	908.0	0.00	0.0	14.8	23.9
08.05.2021 00:39:20	055	124	188	0.4	1.1	1.9	12.8	56.3	908.0	0.00	0.0	15.0	24.3
08.05.2021 00:39:30	068	124	175	0.6	1.4	2.0	12.8	56.3	908.0	0.00	0.0	15.1	24.2
08.05.2021 00:39:40	070	120	163	0.5	1.1	1.6	12.8	56.8	908.0	0.00	0.0	15.1	24.2
08.05.2021 00:39:50	005	125	207	0.4	1.1	1.8	12.8	56.8	908.0	0.00	0.0	15.0	24.2
08.05.2021 00:40:00	084	118	199	0.6	1.3	2.2	12.8	56.8	908.0	0.00	0.0	14.9	24.2
08.05.2021 00:40:10	092	116	192	0.9	1.2	1.7	12.8	56.8	908.0	0.00	0.0	14.9	24.0
08.05.2021 00:40:20	044	121	222	0.3	0.9	1.7	12.8	56.8	908.0	0.00	0.0	14.8	23.7
08.05.2021 00:40:30	074	130	235	0.4	0.8	1.5	12.8	56.8	908.0	0.00	0.0	14.8	24.0
08.05.2021 00:40:40	077	131	235	0.4	1.3	2.0	12.8	56.4	908.0	0.00	0.0	15.0	24.2
08.05.2021 00:40:50	109	132	156	0.8	1.3	1.8	12.8	56.4	908.0	0.00	0.0	15.0	24.2
08.05.2021 00:41:00	105	122	142	0.5	1.3	1.7	12.8	56.4	908.0	0.00	0.0	15.1	24.3
08.05.2021 00:41:10	111	122	137	1.2	1.5	1.8	12.8	56.4	908.0	0.00	0.0	15.0	24.2
08.05.2021 00:41:20	105	125	155	0.7	1.1	1.5	12.8	56.4	908.0	0.00	0.0	14.9	24.2
08.05.2021 00:41:30	116	139	185	0.6	1.0	1.5	12.8	56.4	908.0	0.00	0.0	14.8	24.0
08.05.2021 00:41:40	086	131	177	0.4	0.9	1.2	12.7	56.1	908.0	0.00	0.0	14.8	24.0
08.05.2021 00:41:50	110	131	167	0.7	1.0	1.4	12.7	56.1	908.0	0.00	0.0	14.8	24.0
08.05.2021 00:42:00	096	127	158	0.8	1.3	1.6	12.7	56.1	908.0	0.00	0.0	15.0	24.3
08.05.2021 00:42:10	116	127	142	0.8	1.4	1.7	12.7	56.1	908.0	0.00	0.0	15.2	24.2
08.05.2021 00:42:20	122	128	134	1.5	1.6	1.7	12.7	56.1	908.0	0.00	0.0	15.1	24.2
08.05.2021 00:42:30	123	129	139	1.4	1.6	1.8	12.7	56.1	908.0	0.00	0.0	15.1	24.2
08.05.2021 00:42:40	121	125	129	1.5	1.6	1.7	12.7	56.7	908.0	0.00	0.0	15.0	24.2
08.05.2021 00:42:50	116	122	126	1.5	1.6	1.7	12.7	56.7	908.0	0.00	0.0	14.9	24.2
08.05.2021 00:43:00	112	120	125	1.4	1.5	1.6	12.7	56.7	908.0	0.00	0.0	14.8	24.1
08.05.2021 00:43:10	111	117	123	1.4	1.5	1.7	12.7	56.7	908.0	0.00	0.0	14.8	24.0
08.05.2021 00:43:20	108	115	121	1.4	1.5	1.7	12.7	56.7	908.0	0.00	0.0	14.9	24.0
08.05.2021 00:43:30	092	113	122	1.2	1.4	1.6	12.7	56.7	908.0	0.00	0.0	15.0	24.2
08.05.2021 00:43:40	067	094	125	0.5	0.8	1.2	12.7	56.5	908.0	0.00	0.0	15.1	24.2
08.05.2021 00:43:50	065	085	113	0.4	1.0	1.6	12.7	56.5	908.0	0.00	0.0	15.1	24.2
08.05.2021 00:44:00	042	088	131	0.4	1.1	2.0	12.7	56.5	908.0	0.00	0.0	15.0	24.2
08.05.2021 00:44:10	078	110	142	0.7	1.0	1.3	12.7	56.5	908.0	0.00	0.0	15.0	24.2
08.05.2021 00:44:20	081	110	138	0.6	1.4	2.2	12.7	56.5	908.0	0.00	0.0	14.9	24.2
08.05.2021 00:44:30	090	111	129	0.8	1.1	1.5	12.7	56.5	908.0	0.00	0.0	14.7	24.0
08.05.2021 00:44:40	082	107	135	0.7	1.0	1.4	12.6	56.7	908.0	0.00	0.0	14.8	24.0
08.05.2021 00:44:50	071	096	117	0.6	0.9	1.2	12.6	56.7	908.0	0.00	0.0	14.9	24.2
08.05.2021 00:45:00	087	114	144	0.4	0.9	1.5	12.6	56.7	908.0	0.00	0.0	15.1	24.2
08.05.2021 00:45:10	055	099	126	0.5	0.9	1.3	12.6	56.7	908.0	0.00	0.0	15.0	24.3
08.05.2021 00:45:20	065	090	145	0.2	1.0	1.5	12.6	56.7	908.0	0.00	0.0	15.1	24.2
08.05.2021 00:45:30	093	111	124	0.6	1.1	1.5	12.6	56.7	908.0	0.00	0.0	15.1	24.2
08.05.2021 00:45:40	074	111	153	0.5	1.1	1.8	12.6	56.6	908.0	0.00	0.0	14.9	24.2
08.05.2021 00:45:50	080	111	129	0.8	1.4	1.9	12.6	56.6	908.0	0.00	0.0	14.8	24.0
08.05.2021 00:46:00	103	120	132	1.2	1.8	2.0	12.6	56.6	908.0	0.00	0.0	14.8	23.7
08.05.2021 00:46:10	096	113	133	1.2	1.5	1.9	12.6	56.6	908.0	0.00	0.0	14.9	24.1
08.05.2021 00:46:20	101	117	133	1.1	1.5	1.7	12.6	56.6	908.0	0.00	0.0	15.0	24.2
08.05.2021 00:46:30	102	115	128	0.9	1.3	1.6	12.6	56.6	908.0	0.00	0.0	15.1	24.2
08.05.2021 00:46:40	100	121	154	0.8	1.2	1.7	12.5	56.8	908.0	0.00	0.0	15.2	24.2
08.05.2021 00:46:50	096	113	122	1.0	1.5	1.7	12.5	56.8	908.0	0.00	0.0	15.1	24.2
08.05.2021 00:47:00	098	115	141	0.9	1.3	1.5	12.5	56.8	908.0	0.00	0.0	15.0	24.2
08.05.2021 00:47:10	098	113	138	1.0	1.2	1.5	12.5	56.8	908.0	0.00	0.0	14.8	24.0
08.05.2021 00:47:20	085	113	129	1.1	1.4	1.7	12.5	56.8	908.0	0.00	0.0	14.8	23.7
08.05.2021 00:47:30	077	108	123	0.8	1.1	1.4	12.5	56.8	908.0	0.00	0.0	14.9	24.0
08.05.2021 00:47:40	085	109	128	0.9	1.1	1.6	12.5	57.4	908.0	0.00	0.0	15.0	24.2
08.05.2021 00:47:50	093	112	130	0.9	1.2	1.7	12.5	57.4	908.0	0.00	0.0	15.1	24.2
08.05.2021 00:48:00	082	110	133	1.1	1.4	1.9	12.5	57.4	908.0	0.00	0.0	15.1	24.2
08.05.2021 00:48:10	083	108	124	0.6	0.9	1.3	12.5	57.4	908.0	0.00	0.0	15.1	24.2
08.05.2021 00:48:20	087	112	132	0.6	1.1	1.4	12.5	57.4	908.0	0.00	0.0	14.9	24.2
08.05.2021 00:48:30	063	097	113	0.6	0.9	1.2	12.5	57.4	908.0	0.00	0.0	14.8	24.1
08.05.2021 00:48:40	072	108	139	0.5	1.0	1.4	12.4	57.5	908.1	0.00	0.0	14.8	24.0
08.05.2021 00:48:50	087	111	131	0.7	1.2	1.8	12.4	57.5	908.1	0.00	0.0	14.8	23.9
08.05.2021 00:49:00	111	121	130	1.1	1.5	2.0	12.4	57.5	908.1	0.00	0.0	14.9	24.2
08.05.2021 00:49:10	100	118	145	0.9	1.4	2.0	12.4	57.5	908.1	0.00	0.0	15.0	24.3
08.05.2021 00:49:20	108	124	134	1.0	1.4	1.8	12.4	57.5	908.1	0.00	0.0	15.0	24.2
08.05.2021 00:49:30	110	118	127	1.1	1.6	1.8	12.4	57.5	908.1	0.00	0.0	15.0	24.2
08.05.2021 00:49:40	113	122	132	1.3	1.8	2.0	12.4	58.0	908.1	0.00	0.0	14.9	24.2
08.05.2021 00:49:50	118	122	128	1.6	1.8	1.9	12.4	58.0	908.1	0.00	0.0	14.8	24.0
08.05.2021 00:50:00	110	118	124	1.7	1.8	2.1	12.4	58.0	908.1	0.00	0.0	14.8	23.7
08.05.2021 00:50:10	115	119	128	1.7	1.9	2.1	12.4	58.0	908.1	0.00	0.0	14.8	24.0
08.05.2021 00:50:20	113	121	132	1.5	1.8	2.0	12.4	58.0	908.1	0.00	0.0	15.1	24.2
08.05.2021 00:50:30	109	117	123	1.4	1.7	2.0	12.4	58.0	908.1	0.00	0.0	15.2	24.2
08.05.2021 00:50:40	103	122	138	1.1	1.5	1.7	12.4	58.0	908.1	0.00	0.0	15.1	24.2
08.05.2021 00:50:50	109	118	125	1.2	1.5	1.9	12.4	58.0	908.1	0.00	0.0	15.0	24.2
08.05.2021 00:51:00	094	117	133	1.0	1.5	1.8	12.4	58.0	908.1	0.00	0.0	14.9	24.2
08.05.2021 00:51:10	116	124	131	1.3	1.6	1.9	12.4	58.0	908.1	0.00	0.0	14.8	24.0
08.05.2021 00:51:20	116	125	140	1.3	1.6	2.0	12.4	58.0	908.1	0.00	0.0	14.8	24.0
08.05.2021 00:51:30	118	134	154	1.0	1.3	1.5	12.4	58.0	908.1	0.00	0.0	14.9	24.0
08.05.2021 00:51:40	120	132	146	1.2	1.5	2.0	12.4	58.1	908.1	0.00	0.0	15.0	24.2
08.05.2021 00:51:50	096	111	124	1.0	1.3	1.7	12.4	58.1	908.1	0.00	0.0	15.1	24.2
08.05.2021 00:52:00	110	131	161	0.3	0.8	1.1	12.4	58.1	908.1	0.00	0.0	15.1	24.2
08.05.2021 00:52:10	062	107	160	0.2	0.5	0.7	12.4	58.1	908.1	0.00	0.0	15.0	24.2
08.05.2021 00:52:20	115	146	191	0.4	0.7	1.1	12.4	58.1	908.1	0.00	0.0	15.0	24.2
08.05.2021 00:52:30	091	138	218	0.7	1.1	1.7	12.4	58.1	908.1	0.00	0.0	14.8	24.2
08.05.2021 00:52:40	075	124	164	1.0	1.5	1.8	12.4	58.3	908.1	0.00	0.0	14.7	24.0
08.05.2021 00:52:50	099	125	150	1.3	1.9	2.3	12.4	58.3	908.1	0.00	0.0	14.8	23.7
08.05.2021 00:53:00	103	120	141	1.2	1.8	2.2	12.4	58.3	908.1	0.00	0.0	14.8	24.1
08.05.2021 00:53:10	105	121	134	1.3	1.5	1.7	12.4	58.3	908.1	0.00	0.0	15.1	24.2
08.05.2021 00:53:20	113	123	140	1.2	1.5	1.8	12.4	58.3	908.1	0.00	0.0	15.1	24.2
08.05.2021 00:53:30	106	128	160	0.5	1.0	1.3	12.4	58.3	908.1	0.00	0.0	15.1	24.2
08.05.2021 00:53:40	106	121	133	1.0	1.3	1.5	12.4	58.3	908.1	0.00	0.0	15.0	24.2
08.05.2021 00:53:50	108	127	154	0.9	1.4	1.7	12.4	58.3	908.1	0.00	0.0	15.0	24.2
08.05.2021 00:54:00	099	115	131	0.9	1.2	1.4	12.4	58.3	908.1	0.00	0.0	14.9	24.1
08.05.2021 00:54:10	109	121	131	1.2	1.4	1.8	12.4	58.3	908.1	0.00	0.0	14.7	24.0
08.05.2021 00:54:20	109	124	142	1.3	1.5	2.5	12.4	58.3	908.1	0.00	0.0	14.8	24.0
08.05.2021 00:54:30	109	118	135	1.8	2.2	3.1	12.4	58.3	908.1	0.00	0.0	15.0	24.3
08.05.2021 00:54:40	102	115	126	1.4	1.9	2.1	12.4	59.2	908.1	0.00	0.0	15.1	24.2
08.05.2021 00:54:50	097	116	129	1.2	1.8	2.6	12.4	59.2	908.1	0.00	0.0	15.1	24.2
08.05.2021 00:55:00	112	120	129	2.0	2.3	2.6	12.4	59.2	908.1	0.00	0.0	15.1	24.2
08.05.2021 00:55:10	110	120	131	1.9	2.3	2.6	12.4	59.2	908.1	0.00	0.0	14.9	24.2
08.05.2021 00:55:20	107	117	127	1.8	2.0	2.3	12.4	59.2	908.1	0.00	0.0	14.8	24.1
08.05.2021 00:55:30	113	120	128	1.7	2.0	2.3	12.4	59.2	908.1	0.00	0.0	14.7	23.8
08.05.2021 00:55:40	115	121	129	1.7	2.2	2.5	12.4	59.6	908.1	0.00	0.0	14.9	24.0
08.05.2021 00:55:50	111	120	129	1.6	2.2	2.6	12.4	59.6	908.1	0.00	0.0	15.1	24.2
08.05.2021 00:56:00	099	117	129	1.6	2.0	2.3	12.4	59.6	908.1	0.00	0.0	15.0	24.2
08.05.2021 00:56:10	102	122	140	1.5	2.0	2.3	12.4	59.6	908.1	0.00	0.0	15.1	24.2
08.05.2021 00:56:20	113	123	132	1.5	2.1	2.3	12.4	59.6	908.1	0.00	0.0	15.0	24.2
08.05.2021 00:56:30	120	125	132	2.0	2.2	2.4	12.4	59.6	908.1	0.00	0.0	14.9	24.2
08.05.2021 00:56:40	114	122	128	1.8	2.1	2.4	12.4	59.8	908.2	0.00	0.0	14.8	24.0
08.05.2021 00:56:50	118	124	133	1.8	2.0	2.4	12.4	59.8	908.2	0.00	0.0	14.8	23.7
08.05.2021 00:57:00	119	126	141	2.0	2.2	2.6	12.4	59.8	908.2	0.00	0.0	14.9	24.0
08.05.2021 00:57:10	114	122	131	2.0	2.2	2.4	12.4	59.8	908.2	0.00	0.0	15.0	24.2
08.05.2021 00:57:20	115	125	150	1.7	2.2	2.8	12.4	59.8	908.2	0.00	0.0	15.1	24.2
08.05.2021 00:57:30	120	124	133	1.6	2.2	2.5	12.4	59.8	908.2	0.00	0.0	15.2	24.2
08.05.2021 00:57:40	115	124	133	1.8	2.1	2.4	12.4	59.8	908.2	0.00	0.0	15.0	24.2
08.05.2021 00:57:50	115	125	133	2.0	2.2	2.5	12.4	59.8	908.2	0.00	0.0	14.9	24.2
08.05.2021 00:58:00	120	126	131	1.7	1.8	2.1	12.4	59.8	908.2	0.00	0.0	14.8	24.0
08.05.2021 00:58:10	119	125	133	1.6	1.9	2.2	12.4	59.8	908.2	0.00	0.0	14.8	23.9
08.05.2021 00:58:20	121	127	133	1.6	1.7	1.9	12.4	59.8	908.2	0.00	0.0	14.8	24.1
08.05.2021 00:58:30	119	127	135	1.5	1.7	1.9	12.4	59.8	908.2	0.00	0.0	15.0	24.2
08.05.2021 00:58:40	119	124	130	1.6	1.7	1.8	12.5	59.6	908.2	0.00	0.0	15.1	24.2
08.05.2021 00:58:50	113	123	129	1.5	1.6	1.8	12.5	59.6	908.2	0.00	0.0	15.1	24.2
08.05.2021 00:59:00	118	123	130	1.3	1.5	1.7	12.5	59.6	908.2	0.00	0.0	15.0	24.2
08.05.2021 00:59:10	107	122	135	1.3	1.4	1.6	12.5	59.6	908.2	0.00	0.0	15.0	24.2
08.05.2021 00:59:20	113	126	135	1.1	1.3	1.7	12.5	59.6	908.2	0.00	0.0	14.9	24.2
08.05.2021 00:59:30	117	122	129	1.2	1.5	1.7	12.5	59.6	908.2	0.00	0.0	14.8	24.0
08.05.2021 00:59:40	116	123	132	1.2	1.5	1.8	12.5	59.8	908.1	0.00	0.0	14.8	23.9
08.05.2021 00:59:50	113	120	128	1.3	1.5	1.7	12.5	59.8	908.1	0.00	0.0	15.0	24.2
08.05.2021 01:00:00	115	124	133	1.2	1.4	1.8	12.5	59.8	908.1	0.00	0.0	15.0	24.2
08.05.2021 01:00:10	086	115	129	1.0	1.3	1.7	12.5	59.8	908.1	0.00	0.0	15.1	24.2
08.05.2021 01:00:20	109	122	133	1.0	1.1	1.3	12.5	59.8	908.1	0.00	0.0	15.0	24.2
08.05.2021 01:00:30	118	131	154	0.9	1.2	1.4	12.5	59.8	908.1	0.00	0.0	15.0	24.2
08.05.2021 01:00:40	107	124	140	0.9	1.2	1.4	12.6	59.4	908.1	0.00	0.0	14.9	24.2
08.05.2021 01:00:50	115	128	139	1.0	1.1	1.3	12.6	59.4	908.1	0.00	0.0	14.8	24.0
08.05.2021 01:01:00	119	132	158	0.6	0.9	1.2	12.6	59.4	908.1	0.00	0.0	14.8	24.0
08.05.2021 01:01:10	064	132	239	0.1	0.3	0.7	12.6	59.4	908.1	0.00	0.0	14.9	24.3
08.05.2021 01:01:20	009	113	305	0.1	0.4	0.7	12.6	59.4	908.1	0.00	0.0	15.0	24.2
08.05.2021 01:01:30	115	020	286	0.1	0.3	0.6	12.6	59.4	908.1	0.00	0.0	15.1	24.2
08.05.2021 01:01:40	020	002	281	0.1	0.3	0.6	12.6	58.8	908.1	0.00	0.0	15.1	24.2
08.05.2021 01:01:50	090	335	297	0.1	0.2	0.4	12.6	58.8	908.1	0.00	0.0	15.0	24.2
08.05.2021 01:02:00	040	341	279	0.1	0.3	0.3	12.6	58.8	908.1	0.00	0.0	14.9	24.2
08.05.2021 01:02:10	142	050	270	0.1	0.3	0.3	12.6	58.8	908.1	0.00	0.0	14.8	24.1
08.05.2021 01:02:20	000	035	064	0.2	0.3	0.4	12.6	58.8	908.1	0.00	0.0	14.8	24.0
08.05.2021 01:02:30	112	025	270	0.0	0.3	0.4	12.6	58.8	908.1	0.00	0.0	14.9	24.2
08.05.2021 01:02:40	030	338	255	0.1	0.3	0.3	12.5	58.1	908.1	0.00	0.0	15.0	24.2
08.05.2021 01:02:50	052	339	290	0.1	0.3	0.3	12.5	58.1	908.1	0.00	0.0	15.1	24.2
08.05.2021 01:03:00	064	308	199	0.0	0.3	0.7	12.5	58.1	908.1	0.00	0.0	15.0	24.2
08.05.2021 01:03:10	030	194	245	0.1	0.3	0.7	12.5	58.1	908.1	0.00	0.0	14.9	24.2
08.05.2021 01:03:20	127	181	255	0.1	0.2	0.4	12.5	58.1	908.1	0.00	0.0	14.8	24.0
08.05.2021 01:03:30	159	194	215	0.2	0.4	0.5	12.5	58.1	908.1	0.00	0.0	14.7	23.7
08.05.2021 01:03:40	208	219	231	0.2	0.3	0.4	12.4	57.2	908.1	0.00	0.0	14.8	24.1
08.05.2021 01:03:50	198	220	236	0.2	0.3	0.5	12.4	57.2	908.1	0.00	0.0	15.0	24.2
08.05.2021 01:04:00	196	217	235	0.2	0.3	0.4	12.4	57.2	908.1	0.00	0.0	15.0	24.2
08.05.2021 01:04:10	234	246	258	0.2	0.3	0.3	12.4	57.2	908.1	0.00	0.0	15.1	24.2
08.05.2021 01:04:20	240	262	301	0.2	0.2	0.3	12.4	57.2	908.1	0.00	0.0	15.0	24.2
08.05.2021 01:04:30	290	327	347	0.2	0.3	0.3	12.4	57.2	908.1	0.00	0.0	14.9	24.2
08.05.2021 01:04:40	327	336	347	0.2	0.2	0.3	12.4	57.0	908.1	0.00	0.0	14.9	24.2
08.05.2021 01:04:50	090	355	332	0.1	0.2	0.3	12.4	57.0	908.1	0.00	0.0	14.8	24.0
08.05.2021 01:05:00	270	334	358	0.1	0.1	0.2	12.4	57.0	908.1	0.00	0.0	14.8	24.0
08.05.2021 01:05:10	090	349	210	0.0	0.2	0.2	12.4	57.0	908.1	0.00	0.0	15.0	24.2
08.05.2021 01:05:20	210	255	332	0.0	0.2	0.3	12.4	57.0	908.1	0.00	0.0	15.1	24.2
08.05.2021 01:05:30	090	002	270	0.1	0.2	0.3	12.4	57.0	908.1	0.00	0.0	15.0	24.2
08.05.2021 01:05:40	007	039	066	0.1	0.2	0.3	12.3	56.6	908.1	0.00	0.0	15.0	24.2
08.05.2021 01:05:50	027	036	049	0.3	0.4	0.4	12.3	56.6	908.1	0.00	0.0	14.9	24.2
08.05.2021 01:06:00	018	032	049	0.4	0.5	0.6	12.3	56.6	908.1	0.00	0.0	14.9	24.2
08.05.2021 01:06:10	021	035	052	0.5	0.6	0.7	12.3	56.6	908.1	0.00	0.0	14.8	24.1
08.05.2021 01:06:20	090	047	358	0.1	0.3	0.5	12.3	56.6	908.1	0.00	0.0	14.8	23.9
08.05.2021 01:06:30	060	019	357	0.3	0.4	0.6	12.3	56.6	908.1	0.00	0.0	14.9	24.1
08.05.2021 01:06:40	021	043	063	0.3	0.6	0.8	12.2	58.2	908.1	0.00	0.0	15.0	24.2
08.05.2021 01:06:50	022	046	061	0.3	0.6	0.8	12.2	58.2	908.1	0.00	0.0	15.0	24.2
08.05.2021 01:07:00	028	048	068	0.5	0.6	0.8	12.2	58.2	908.1	0.00	0.0	15.0	24.2
08.05.2021 01:07:10	023	047	081	0.3	0.6	0.8	12.2	58.2	908.1	0.00	0.0	14.9	24.2
08.05.2021 01:07:20	018	047	074	0.3	0.7	0.9	12.2	58.2	908.1	0.00	0.0	14.8	24.1
08.05.2021 01:07:30	021	040	060	0.5	0.7	0.9	12.2	58.2	908.1	0.00	0.0	14.8	24.0
08.05.2021 01:07:40	018	032	041	0.4	0.5	0.7	12.2	59.2	908.1	0.00	0.0	14.8	23.9
08.05.2021 01:07:50	020	031	048	0.4	0.6	0.7	12.2	59.2	908.1	0.00	0.0	14.9	24.1
08.05.2021 01:08:00	040	024	357	0.4	0.5	0.7	12.2	59.2	908.1	0.00	0.0	15.0	24.2
08.05.2021 01:08:10	012	033	042	0.6	0.8	1.1	12.2	59.2	908.1	0.00	0.0	15.0	24.2
08.05.2021 01:08:20	011	019	028	0.6	0.8	0.9	12.2	59.2	908.1	0.00	0.0	15.0	24.2
08.05.2021 01:08:30	013	027	041	0.4	0.6	0.8	12.2	59.2	908.1	0.00	0.0	15.0	24.2
08.05.2021 01:08:40	046	023	000	0.1	0.5	0.6	12.2	58.6	908.1	0.00	0.0	14.9	24.2
08.05.2021 01:08:50	017	043	092	0.5	0.7	1.0	12.2	58.6	908.1	0.00	0.0	14.8	24.0
08.05.2021 01:09:00	025	033	053	0.8	1.0	1.2	12.2	58.6	908.1	0.00	0.0	14.9	23.7
08.05.2021 01:09:10	028	038	054	0.9	1.0	1.2	12.2	58.6	908.1	0.00	0.0	14.9	24.0
08.05.2021 01:09:20	019	041	062	0.7	0.9	1.2	12.2	58.6	908.1	0.00	0.0	15.0	24.2
08.05.2021 01:09:30	022	032	046	0.8	0.9	1.1	12.2	58.6	908.1	0.00	0.0	15.1	24.2
08.05.2021 01:09:40	013	031	041	0.6	0.9	1.1	12.2	59.5	908.1	0.00	0.0	15.0	24.2
08.05.2021 01:09:50	012	034	052	0.2	0.7	1.0	12.2	59.5	908.1	0.00	0.0	15.0	24.2
08.05.2021 01:10:00	013	036	053	0.5	1.1	1.4	12.2	59.5	908.1	0.00	0.0	14.9	24.1
08.05.2021 01:10:10	014	037	066	0.8	1.0	1.2	12.2	59.5	908.1	0.00	0.0	14.8	23.9
08.05.2021 01:10:20	012	033	046	0.3	0.9	1.2	12.2	59.5	908.1	0.00	0.0	14.8	23.9
08.05.2021 01:10:30	036	016	000	0.5	0.7	0.8	12.2	59.5	908.1	0.00	0.0	14.9	24.1
08.05.2021 01:10:40	013	024	045	0.7	0.9	1.0	12.2	59.5	908.1	0.00	0.0	15.1	24.2
08.05.2021 01:10:50	037	009	331	0.6	0.8	1.0	12.2	59.5	908.1	0.00	0.0	15.1	24.2
08.05.2021 01:11:00	032	014	358	0.6	0.7	0.9	12.2	59.5	908.1	0.00	0.0	15.1	24.2
08.05.2021 01:11:10	016	340	311	0.4	0.6	0.8	12.2	59.5	908.1	0.00	0.0	15.0	24.2
08.05.2021 01:11:20	007	337	283	0.2	0.4	0.5	12.2	59.5	908.1	0.00	0.0	15.0	24.2
08.05.2021 01:11:30	090	320	245	0.0	0.5	0.7	12.2	59.5	908.1	0.00	0.0	14.9	24.1
08.05.2021 01:11:40	121	311	249	0.1	0.3	0.4	12.2	59.3	908.1	0.00	0.0	14.8	24.0
08.05.2021 01:11:50	302	319	344	0.0	0.3	0.5	12.2	59.3	908.1	0.00	0.0	14.9	24.0
08.05.2021 01:12:00	309	331	343	0.4	0.5	0.6	12.2	59.3	908.1	0.00	0.0	14.9	24.2
08.05.2021 01:12:10	305	328	347	0.1	0.4	0.6	12.2	59.3	908.1	0.00	0.0	15.1	24.2
08.05.2021 01:12:20	313	324	338	0.4	0.6	0.7	12.2	59.3	908.1	0.00	0.0	15.2	24.2
08.05.2021 01:12:30	303	320	338	0.5	0.6	0.6	12.2	59.3	908.1	0.00	0.0	15.1	24.2
08.05.2021 01:12:40	292	305	315	0.5	0.6	0.7	12.2	59.2	908.0	0.00	0.0	14.9	24.2
08.05.2021 01:12:50	288	300	312	0.5	0.6	0.7	12.2	59.2	908.0	0.00	0.0	14.9	24.2
08.05.2021 01:13:00	279	291	314	0.4	0.6	0.7	12.2	59.2	908.0	0.00	0.0	14.7	24.0
08.05.2021 01:13:10	277	287	299	0.5	0.6	0.8	12.2	59.2	908.0	0.00	0.0	14.7	23.9
08.05.2021 01:13:20	283	299	309	0.6	0.7	0.9	12.2	59.2	908.0	0.00	0.0	14.8	24.1
08.05.2021 01:13:30	284	293	308	0.7	0.9	1.1	12.2	59.2	908.0	0.00	0.0	15.0	24.2
08.05.2021 01:13:40	270	292	308	0.5	0.9	1.1	12.2	59.8	908.0	0.00	0.0	15.1	24.2
08.05.2021 01:13:50	177	333	244	0.2	0.5	0.9	12.2	59.8	908.0	0.00	0.0	15.0	24.2
08.05.2021 01:14:00	237	144	335	0.0	0.2	0.6	12.2	59.8	908.0	0.00	0.0	15.0	24.2
08.05.2021 01:14:10	092	123	170	0.2	0.6	0.8	12.2	59.8	908.0	0.00	0.0	14.9	24.2
08.05.2021 01:14:20	127	074	322	0.2	0.5	0.7	12.2	59.8	908.0	0.00	0.0	14.8	24.0
08.05.2021 01:14:30	004	065	123	0.2	0.5	0.8	12.2	59.8	908.0	0.00	0.0	14.8	23.9
08.05.2021 01:14:40	151	023	310	0.2	0.4	0.7	12.2	57.2	908.0	0.00	0.0	14.8	24.3
08.05.2021 01:14:50	026	109	269	0.2	0.4	0.6	12.2	57.2	908.0	0.00	0.0	15.0	24.2
08.05.2021 01:15:00	176	054	318	0.1	0.5	0.9	12.2	57.2	908.0	0.00	0.0	15.0	24.2
08.05.2021 01:15:10	118	016	313	0.2	0.5	1.0	12.2	57.2	908.0	0.00	0.0	14.9	24.2
08.05.2021 01:15:20	210	046	286	0.2	0.5	0.9	12.2	57.2	908.0	0.00	0.0	14.8	24.1
08.05.2021 01:15:30	155	113	304	0.2	0.4	0.7	12.2	57.2	908.0	0.00	0.0	14.8	23.9
08.05.2021 01:15:40	239	303	292	0.1	0.5	0.9	11.9	58.0	908.0	0.00	0.0	14.8	24.0
08.05.2021 01:15:50	123	173	255	0.4	0.6	1.1	11.9	58.0	908.0	0.00	0.0	14.9	24.2
08.05.2021 01:16:00	115	199	255	0.2	0.5	0.7	11.9	58.0	908.0	0.00	0.0	14.9	24.2
08.05.2021 01:16:10	110	325	130	0.2	0.5	0.9	11.9	58.0	908.0	0.00	0.0	14.9	24.2
08.05.2021 01:16:20	022	279	095	0.2	0.7	1.4	11.9	58.0	908.0	0.00	0.0	14.8	24.0
08.05.2021 01:16:30	068	253	336	0.2	0.7	1.3	11.9	58.0	908.0	0.00	0.0	14.7	24.0
08.05.2021 01:16:40	102	011	142	0.2	0.6	0.9	11.7	57.1	908.0	0.00	0.0	14.8	24.0
08.05.2021 01:16:50	111	260	350	0.2	0.6	1.2	11.7	57.1	908.0	0.00	0.0	14.9	24.3
08.05.2021 01:17:00	164	055	256	0.2	0.6	1.2	11.7	57.1	908.0	0.00	0.0	14.9	24.2
08.05.2021 01:17:10	171	135	233	0.1	0.5	1.2	11.7	57.1	908.0	0.00	0.0	14.9	24.1
08.05.2021 01:17:20	224	358	271	0.2	0.6	1.0	11.7	57.1	908.0	0.00	0.0	14.8	24.0
08.05.2021 01:17:30	213	142	292	0.1	0.6	1.1	11.7	57.1	908.0	0.00	0.0	14.8	24.0
08.05.2021 01:17:40	218	130	303	0.1	0.5	1.3	11.5	58.4	908.0	0.00	0.0	14.8	24.1
08.05.2021 01:17:50	044	165	310	0.3	0.9	1.5	11.5	58.4	908.0	0.00	0.0	15.0	24.2
08.05.2021 01:18:00	072	250	318	0.2	0.6	1.0	11.5	58.4	908.0	0.00	0.0	15.1	24.2
08.05.2021 01:18:10	167	184	233	0.2	0.5	0.8	11.5	58.4	908.0	0.00	0.0	15.0	24.2
08.05.2021 01:18:20	251	221	349	0.2	0.5	1.0	11.5	58.4	908.0	0.00	0.0	14.9	24.2
08.05.2021 01:18:30	099	229	332	0.3	0.5	0.8	11.5	58.4	908.0	0.00	0.0	14.8	24.0
08.05.2021 01:18:40	113	262	344	0.3	0.6	1.0	11.4	58.4	908.0	0.00	0.0	14.8	23.9
08.05.2021 01:18:50	148	250	313	0.4	0.8	1.6	11.4	58.4	908.0	0.00	0.0	14.9	24.0
08.05.2021 01:19:00	059	260	341	0.3	0.6	1.1	11.4	58.4	908.0	0.00	0.0	15.0	24.2
08.05.2021 01:19:10	030	276	170	0.2	0.6	1.1	11.4	58.4	908.0	0.00	0.0	15.0	24.2
08.05.2021 01:19:20	124	209	315	0.2	0.6	1.4	11.4	58.4	908.0	0.00	0.0	14.9	24.2
08.05.2021 01:19:30	088	265	103	0.1	0.4	0.8	11.4	58.4	908.0	0.00	0.0	14.8	24.0
08.05.2021 01:19:40	265	238	272	0.2	0.4	0.6	11.3	56.9	908.1	0.00	0.0	14.8	23.7
08.05.2021 01:19:50	006	286	188	0.2	0.6	1.3	11.3	56.9	908.1	0.00	0.0	14.8	24.0
08.05.2021 01:20:00	216	265	327	0.2	0.7	1.2	11.3	56.9	908.1	0.00	0.0	15.0	24.2
08.05.2021 01:20:10	102	005	189	0.2	0.5	0.9	11.3	56.9	908.1	0.00	0.0	14.9	24.2
08.05.2021 01:20:20	200	258	345	0.4	0.9	1.3	11.3	56.9	908.1	0.00	0.0	14.9	24.1
08.05.2021 01:20:30	202	265	345	0.3	0.6	1.1	11.3	56.9	908.1	0.00	0.0	14.8	23.9
08.05.2021 01:20:40	149	270	325	0.3	0.6	1.3	11.2	56.1	908.1	0.00	0.0	14.8	24.0
08.05.2021 01:20:50	183	275	354	0.4	0.7	1.0	11.2	56.1	908.1	0.00	0.0	14.9	24.1
08.05.2021 01:21:00	115	089	191	0.5	0.7	1.2	11.2	56.1	908.1	0.00	0.0	15.0	24.2
08.05.2021 01:21:10	133	273	352	0.2	0.6	0.9	11.2	56.1	908.1	0.00	0.0	15.0	24.2
08.05.2021 01:21:20	208	266	303	0.2	1.1	1.7	11.2	56.1	908.1	0.00	0.0	15.0	24.3
08.05.2021 01:21:30	174	249	298	0.4	1.1	1.7	11.2	56.1	908.1	0.00	0.0	14.7	24.0
08.05.2021 01:21:40	133	253	309	0.1	0.8	1.3	11.1	56.2	908.1	0.00	0.0	14.7	23.7
08.05.2021 01:21:50	215	256	310	0.7	1.0	1.4	11.1	56.2	908.1	0.00	0.0	14.7	23.9
08.05.2021 01:22:00	169	260	338	0.3	1.0	1.6	11.1	56.2	908.1	0.00	0.0	14.9	24.1
08.05.2021 01:22:10	123	239	287	0.2	0.8	1.4	11.1	56.2	908.1	0.00	0.0	15.0	24.2
08.05.2021 01:22:20	247	060	258	0.2	0.6	0.8	11.1	56.2	908.1	0.00	0.0	15.0	24.2
08.05.2021 01:22:30	172	099	292	0.2	0.5	1.0	11.1	56.2	908.1	0.00	0.0	15.0	24.2
08.05.2021 01:22:40	304	204	342	0.2	0.6	1.4	10.9	57.8	908.1	0.00	0.0	14.8	24.2
08.05.2021 01:22:50	030	066	148	0.1	0.4	0.9	10.9	57.8	908.1	0.00	0.0	14.8	24.0
08.05.2021 01:23:00	018	091	170	0.1	0.5	0.8	10.9	57.8	908.1	0.00	0.0	14.8	24.0
08.05.2021 01:23:10	148	070	301	0.1	0.4	0.8	10.9	57.8	908.1	0.00	0.0	14.9	24.1
08.05.2021 01:23:20	236	093	315	0.2	0.4	0.7	10.9	57.8	908.1	0.00	0.0	15.1	24.2
08.05.2021 01:23:30	210	115	301	0.2	0.5	0.8	10.9	57.8	908.1	0.00	0.0	15.1	24.2
08.05.2021 01:23:40	207	079	315	0.1	0.5	1.1	10.8	58.6	908.1	0.00	0.0	15.1	24.2
08.05.2021 01:23:50	210	065	248	0.1	0.5	0.9	10.8	58.6	908.1	0.00	0.0	15.0	24.2
08.05.2021 01:24:00	149	049	170	0.1	0.4	0.8	10.8	58.6	908.1	0.00	0.0	14.8	24.2
08.05.2021 01:24:10	230	088	276	0.2	0.5	0.9	10.8	58.6	908.1	0.00	0.0	14.8	23.9
08.05.2021 01:24:20	141	063	309	0.2	0.5	0.7	10.8	58.6	908.1	0.00	0.0	14.7	24.0
08.05.2021 01:24:30	200	072	328	0.2	0.3	0.5	10.8	58.6	908.1	0.00	0.0	14.9	24.1
08.05.2021 01:24:40	281	069	331	0.2	0.5	0.9	10.8	59.0	908.1	0.00	0.0	15.1	24.2
08.05.2021 01:24:50	107	018	131	0.1	0.5	1.0	10.8	59.0	908.1	0.00	0.0	15.1	24.2
08.05.2021 01:25:00	151	074	352	0.2	0.4	0.6	10.8	59.0	908.1	0.00	0.0	15.1	24.2
08.05.2021 01:25:10	146	054	232	0.0	0.4	1.0	10.8	59.0	908.1	0.00	0.0	15.0	24.2
08.05.2021 01:25:20	121	337	182	0.1	0.4	0.7	10.8	59.0	908.1	0.00	0.0	14.9	24.1
08.05.2021 01:25:30	018	252	057	0.2	0.5	1.0	10.8	59.0	908.1	0.00	0.0	14.7	23.8
08.05.2021 01:25:40	199	263	342	0.4	0.7	1.0	10.7	58.9	908.1	0.00	0.0	14.7	23.9
08.05.2021 01:25:50	090	227	294	0.1	0.6	1.0	10.7	58.9	908.1	0.00	0.0	14.9	24.0
08.05.2021 01:26:00	004	285	067	0.2	0.5	0.8	10.7	58.9	908.1	0.00	0.0	15.0	24.2
08.05.2021 01:26:10	116	254	324	0.2	0.5	0.8	10.7	58.9	908.1	0.00	0.0	15.0	24.2
08.05.2021 01:26:20	029	302	254	0.2	0.6	0.9	10.7	58.9	908.1	0.00	0.0	14.9	24.2
08.05.2021 01:26:30	270	239	339	0.1	0.3	0.7	10.7	58.9	908.1	0.00	0.0	14.8	24.0
08.05.2021 01:26:40	073	263	324	0.2	0.6	1.0	10.7	58.1	908.2	0.00	0.0	14.8	24.0
08.05.2021 01:26:50	066	243	090	0.1	0.3	0.6	10.7	58.1	908.2	0.00	0.0	14.8	24.0
08.05.2021 01:27:00	265	318	355	0.2	0.4	0.5	10.7	58.1	908.2	0.00	0.0	14.9	24.1
08.05.2021 01:27:10	282	310	348	0.3	0.4	0.5	10.7	58.1	908.2	0.00	0.0	15.1	24.2
08.05.2021 01:27:20	330	346	357	0.3	0.5	0.6	10.7	58.1	908.2	0.00	0.0	15.1	24.2
08.05.2021 01:27:30	323	332	351	0.5	0.6	0.7	10.7	58.1	908.2	0.00	0.0	15.2	24.2
08.05.2021 01:27:40	319	332	351	0.3	0.5	0.6	10.6	57.4	908.1	0.00	0.0	15.0	24.2
08.05.2021 01:27:50	014	350	329	0.3	0.5	0.8	10.6	57.4	908.1	0.00	0.0	15.0	24.2
08.05.2021 01:28:00	095	341	314	0.1	0.3	0.5	10.6	57.4	908.1	0.00	0.0	14.8	24.1
08.05.2021 01:28:10	009	340	305	0.1	0.4	0.6	10.6	57.4	908.1	0.00	0.0	14.7	23.8
08.05.2021 01:28:20	304	324	343	0.1	0.5	0.6	10.6	57.4	908.1	0.00	0.0	14.9	23.9
08.05.2021 01:28:30	300	329	348	0.2	0.3	0.4	10.6	57.4	908.1	0.00	0.0	15.0	24.2
08.05.2021 01:28:40	309	320	331	0.2	0.3	0.4	10.6	57.5	908.1	0.00	0.0	15.1	24.2
08.05.2021 01:28:50	146	326	331	0.1	0.2	0.5	10.6	57.5	908.1	0.00	0.0	15.1	24.2
08.05.2021 01:29:00	280	301	319	0.3	0.5	0.7	10.6	57.5	908.1	0.00	0.0	15.1	24.2
08.05.2021 01:29:10	270	287	305	0.4	0.6	0.6	10.6	57.5	908.1	0.00	0.0	15.0	24.2
08.05.2021 01:29:20	263	293	312	0.4	0.7	0.8	10.6	57.5	908.1	0.00	0.0	14.8	24.0
08.05.2021 01:29:30	262	271	291	0.6	0.7	0.8	10.6	57.5	908.1	0.00	0.0	14.7	23.7
08.05.2021 01:29:40	261	286	307	0.5	0.6	0.8	10.6	57.8	908.1	0.00	0.0	14.7	23.7
08.05.2021 01:29:50	270	295	307	0.4	0.6	0.7	10.6	57.8	908.1	0.00	0.0	14.9	24.1
08.05.2021 01:30:00	286	300	319	0.6	0.7	0.9	10.6	57.8	908.1	0.00	0.0	15.0	24.2
08.05.2021 01:30:10	282	294	307	0.6	0.9	1.1	10.6	57.8	908.1	0.00	0.0	15.2	24.2
08.05.2021 01:30:20	281	290	298	0.8	1.0	1.2	10.6	57.8	908.1	0.00	0.0	15.1	24.2
08.05.2021 01:30:30	280	293	309	1.0	1.2	1.3	10.6	57.8	908.1	0.00	0.0	15.0	24.2
08.05.2021 01:30:40	292	298	305	1.1	1.3	1.4	10.5	58.7	908.1	0.00	0.0	14.8	24.1
08.05.2021 01:30:50	289	296	302	1.3	1.7	2.0	10.5	58.7	908.1	0.00	0.0	14.7	23.7
08.05.2021 01:31:00	290	296	306	1.3	1.6	1.9	10.5	58.7	908.1	0.00	0.0	14.8	23.7
08.05.2021 01:31:10	289	293	297	1.6	1.8	1.9	10.5	58.7	908.1	0.00	0.0	15.0	24.2
08.05.2021 01:31:20	290	297	304	1.4	1.6	1.8	10.5	58.7	908.1	0.00	0.0	15.0	24.3
08.05.2021 01:31:30	287	292	302	1.6	1.9	2.1	10.5	58.7	908.1	0.00	0.0	15.1	24.2
08.05.2021 01:31:40	289	292	298	1.6	1.8	2.0	10.6	61.0	908.1	0.00	0.0	14.8	24.2
08.05.2021 01:31:50	286	289	292	1.8	1.9	2.0	10.6	61.0	908.1	0.00	0.0	14.8	24.0
08.05.2021 01:32:00	286	288	291	1.8	1.9	2.0	10.6	61.0	908.1	0.00	0.0	14.7	23.7
08.05.2021 01:32:10	286	288	289	1.9	1.9	2.0	10.6	61.0	908.1	0.00	0.0	14.8	24.0
08.05.2021 01:32:20	286	288	290	1.8	1.9	2.0	10.6	61.0	908.1	0.00	0.0	15.0	24.2
08.05.2021 01:32:30	286	288	291	1.7	1.9	2.0	10.6	61.0	908.1	0.00	0.0	15.0	24.2
08.05.2021 01:32:40	286	290	293	1.7	1.9	2.0	10.8	62.5	908.1	0.00	0.0	14.9	24.2
08.05.2021 01:32:50	287	295	301	1.6	1.7	1.9	10.8	62.5	908.1	0.00	0.0	14.9	24.1
08.05.2021 01:33:00	298	300	301	1.6	1.7	1.8	10.8	62.5	908.1	0.00	0.0	14.8	23.7
08.05.2021 01:33:10	299	301	303	1.5	1.6	1.8	10.8	62.5	908.1	0.00	0.0	14.8	23.9
08.05.2021 01:33:20	299	303	312	1.4	1.5	1.6	10.8	62.5	908.1	0.00	0.0	14.9	24.3
08.05.2021 01:33:30	297	302	305	1.4	1.5	1.6	10.8	62.5	908.1	0.00	0.0	15.0	24.2
08.05.2021 01:33:40	303	307	314	1.0	1.3	1.4	11.0	58.6	908.1	0.00	0.0	15.0	24.2
08.05.2021 01:33:50	290	304	311	1.0	1.2	1.3	11.0	58.6	908.1	0.00	0.0	14.9	24.2
08.05.2021 01:34:00	292	296	307	1.0	1.2	1.3	11.0	58.6	908.1	0.00	0.0	14.8	23.7
08.05.2021 01:34:10	290	294	298	1.2	1.3	1.3	11.0	58.6	908.1	0.00	0.0	14.8	23.7
08.05.2021 01:34:20	287	292	297	1.2	1.4	1.6	11.0	58.6	908.1	0.00	0.0	14.9	24.0
08.05.2021 01:34:30	286	290	294	1.4	1.5	1.7	11.0	58.6	908.1	0.00	0.0	14.9	24.2
08.05.2021 01:34:40	285	292	295	1.3	1.4	1.6	11.1	60.4	908.2	0.00	0.0	15.0	24.2
08.05.2021 01:34:50	293	297	306	1.1	1.3	1.4	11.1	60.4	908.2	0.00	0.0	15.0	24.2
08.05.2021 01:35:00	300	306	314	1.0	1.1	1.2	11.1	60.4	908.2	0.00	0.0	14.9	24.2
08.05.2021 01:35:10	296	304	315	1.0	1.2	1.4	11.1	60.4	908.2	0.00	0.0	14.8	24.0
08.05.2021 01:35:20	297	305	311	1.3	1.5	1.6	11.1	60.4	908.2	0.00	0.0	14.7	23.7
08.05.2021 01:35:30	300	306	312	1.4	1.6	1.7	11.1	60.4	908.2	0.00	0.0	14.8	23.9
08.05.2021 01:35:40	295	305	311	1.5	1.7	1.8	11.1	57.2	908.2	0.00	0.0	15.0	24.2
08.05.2021 01:35:50	295	301	306	1.3	1.6	1.8	11.1	57.2	908.2	0.00	0.0	15.0	24.2
08.05.2021 01:36:00	291	303	313	1.4	1.6	1.9	11.1	57.2	908.2	0.00	0.0	14.9	24.2
08.05.2021 01:36:10	294	303	306	1.7	1.9	2.0	11.1	57.2	908.2	0.00	0.0	14.9	24.1
08.05.2021 01:36:20	296	301	306	1.6	1.7	1.9	11.1	57.2	908.2	0.00	0.0	14.7	23.7
08.05.2021 01:36:30	297	302	309	1.6	1.9	2.1	11.1	57.2	908.2	0.00	0.0	14.7	23.7
08.05.2021 01:36:40	299	303	308	1.7	1.9	2.0	11.1	56.7	908.2	0.00	0.0	14.8	24.1
08.05.2021 01:36:50	300	302	304	1.9	2.0	2.1	11.1	56.7	908.2	0.00	0.0	15.0	24.2
08.05.2021 01:37:00	295	298	301	2.0	2.0	2.1	11.1	56.7	908.2	0.00	0.0	15.0	24.3
08.05.2021 01:37:10	292	295	298	2.0	2.1	2.1	11.1	56.7	908.2	0.00	0.0	14.9	24.3
08.05.2021 01:37:20	290	292	294	2.0	2.1	2.2	11.1	56.7	908.2	0.00	0.0	14.7	23.7
08.05.2021 01:37:30	293	296	301	1.9	2.1	2.2	11.1	56.7	908.2	0.00	0.0	14.8	22.7
08.05.2021 01:37:40	295	297	300	2.0	2.1	2.2	11.0	57.8	908.2	0.00	0.0	14.9	23.8
08.05.2021 01:37:50	295	296	299	2.1	2.2	2.3	11.0	57.8	908.2	0.00	0.0	14.9	24.2
08.05.2021 01:38:00	295	298	302	2.2	2.3	2.3	11.0	57.8	908.2	0.00	0.0	15.0	24.2
08.05.2021 01:38:10	299	302	305	2.2	2.3	2.4	11.0	57.8	908.2	0.00	0.0	14.9	24.2
08.05.2021 01:38:20	299	303	305	2.1	2.3	2.4	11.0	57.8	908.2	0.00	0.0	14.8	23.9
08.05.2021 01:38:30	300	302	304	2.1	2.2	2.3	11.0	57.8	908.2	0.00	0.0	14.6	23.9
08.05.2021 01:38:40	301	303	307	2.0	2.1	2.2	10.9	57.8	908.2	0.00	0.0	14.8	23.7
08.05.2021 01:38:50	302	306	309	2.0	2.1	2.2	10.9	57.8	908.2	0.00	0.0	14.9	24.2
08.05.2021 01:39:00	300	302	304	2.0	2.1	2.2	10.9	57.8	908.2	0.00	0.0	15.0	24.2
08.05.2021 01:39:10	301	304	308	1.9	2.0	2.1	10.9	57.8	908.2	0.00	0.0	15.0	24.2
08.05.2021 01:39:20	306	310	314	1.9	2.0	2.0	10.9	57.8	908.2	0.00	0.0	14.8	24.2
08.05.2021 01:39:30	309	313	317	1.9	2.1	2.3	10.9	57.8	908.2	0.00	0.0	14.6	23.7
08.05.2021 01:39:40	303	308	312	2.0	2.1	2.3	10.8	57.7	908.2	0.00	0.0	14.7	23.7
08.05.2021 01:39:50	302	304	307	2.0	2.1	2.2	10.8	57.7	908.2	0.00	0.0	14.9	24.0
08.05.2021 01:40:00	302	307	311	2.0	2.0	2.1	10.8	57.7	908.2	0.00	0.0	15.0	24.2
08.05.2021 01:40:10	304	307	310	2.0	2.1	2.1	10.8	57.7	908.2	0.00	0.0	15.0	24.2
08.05.2021 01:40:20	308	311	313	1.9	2.0	2.1	10.8	57.7	908.2	0.00	0.0	14.9	24.3
08.05.2021 01:40:30	309	313	317	1.8	1.9	2.1	10.8	57.7	908.2	0.00	0.0	14.8	23.7
08.05.2021 01:40:40	313	319	323	1.7	1.8	1.9	10.7	58.1	908.2	0.00	0.0	14.7	23.7
08.05.2021 01:40:50	317	321	326	1.6	1.6	1.7	10.7	58.1	908.2	0.00	0.0	14.8	24.1
08.05.2021 01:41:00	313	317	320	1.6	1.7	1.8	10.7	58.1	908.2	0.00	0.0	15.0	24.2
08.05.2021 01:41:10	309	315	319	1.7	1.8	1.9	10.7	58.1	908.2	0.00	0.0	15.1	24.2
08.05.2021 01:41:20	309	314	319	1.7	1.9	2.0	10.7	58.1	908.2	0.00	0.0	15.1	24.3
08.05.2021 01:41:30	311	314	317	1.9	2.0	2.1	10.7	58.1	908.2	0.00	0.0	14.9	24.2
08.05.2021 01:41:40	311	314	318	1.9	2.0	2.2	10.6	58.6	908.2	0.00	0.0	14.7	23.9
08.05.2021 01:41:50	311	314	319	1.9	2.0	2.1	10.6	58.6	908.2	0.00	0.0	14.7	23.7
08.05.2021 01:42:00	310	313	315	2.0	2.1	2.1	10.6	58.6	908.2	0.00	0.0	14.8	24.0
08.05.2021 01:42:10	309	313	320	2.0	2.1	2.2	10.6	58.6	908.2	0.00	0.0	15.0	24.2
08.05.2021 01:42:20	312	317	322	2.0	2.2	2.3	10.6	58.6	908.2	0.00	0.0	15.0	24.2
08.05.2021 01:42:30	312	316	321	2.1	2.3	2.4	10.6	58.6	908.2	0.00	0.0	14.9	24.2
08.05.2021 01:42:40	313	316	319	2.1	2.3	2.4	10.5	58.1	908.2	0.00	0.0	14.8	24.1
08.05.2021 01:42:50	310	314	318	2.3	2.4	2.6	10.5	58.1	908.2	0.00	0.0	14.6	22.7
08.05.2021 01:43:00	309	313	318	2.3	2.4	2.5	10.5	58.1	908.2	0.00	0.0	14.6	22.5
08.05.2021 01:43:10	310	313	319	2.3	2.4	2.5	10.5	58.1	908.2	0.00	0.0	14.9	24.0
08.05.2021 01:43:20	310	314	322	2.1	2.3	2.5	10.5	58.1	908.2	0.00	0.0	15.0	24.3
08.05.2021 01:43:30	310	314	318	2.2	2.4	2.6	10.5	58.1	908.2	0.00	0.0	15.0	24.2
08.05.2021 01:43:40	309	315	322	2.0	2.3	2.6	10.4	58.3	908.2	0.00	0.0	14.9	24.2
08.05.2021 01:43:50	308	315	321	2.2	2.4	2.7	10.4	58.3	908.2	0.00	0.0	14.8	24.0
08.05.2021 01:44:00	305	314	321	2.2	2.5	2.8	10.4	58.3	908.2	0.00	0.0	14.6	22.6
08.05.2021 01:44:10	305	314	323	2.1	2.4	2.8	10.4	58.3	908.2	0.00	0.0	14.6	22.6
08.05.2021 01:44:20	309	313	319	2.2	2.5	2.7	10.4	58.3	908.2	0.00	0.0	14.8	24.1
08.05.2021 01:44:30	309	314	323	2.4	2.5	2.7	10.4	58.3	908.2	0.00	0.0	15.0	24.2
08.05.2021 01:44:40	307	312	318	2.3	2.6	2.7	10.3	59.0	908.2	0.00	0.0	15.0	24.2
08.05.2021 01:44:50	310	312	317	2.4	2.6	2.8	10.3	59.0	908.2	0.00	0.0	14.9	24.2
08.05.2021 01:45:00	308	312	316	2.4	2.6	2.8	10.3	59.0	908.2	0.00	0.0	14.7	23.8
08.05.2021 01:45:10	305	312	319	2.5	2.6	2.8	10.3	59.0	908.2	0.00	0.0	14.6	22.5
08.05.2021 01:45:20	310	314	319	2.3	2.6	2.8	10.3	59.0	908.2	0.00	0.0	14.7	23.7
08.05.2021 01:45:30	308	313	315	2.6	2.7	2.8	10.3	59.0	908.2	0.00	0.0	15.0	23.9
08.05.2021 01:45:40	308	312	314	2.7	2.9	3.1	10.2	60.3	908.2	0.00	0.0	15.0	24.2
08.05.2021 01:45:50	306	311	316	2.6	2.9	3.1	10.2	60.3	908.2	0.00	0.0	15.0	24.2
08.05.2021 01:46:00	306	309	314	2.8	2.9	3.1	10.2	60.3	908.2	0.00	0.0	14.8	24.0
08.05.2021 01:46:10	307	310	315	2.4	2.8	3.1	10.2	60.3	908.2	0.00	0.0	14.6	23.7
08.05.2021 01:46:20	307	310	314	2.5	2.7	3.0	10.2	60.3	908.2	0.00	0.0	14.7	23.6
08.05.2021 01:46:30	306	311	316	2.4	2.8	3.0	10.2	60.3	908.2	0.00	0.0	14.8	23.9
08.05.2021 01:46:40	308	310	316	2.8	2.9	3.1	10.3	61.3	908.2	0.00	0.0	15.0	24.2
08.05.2021 01:46:50	305	309	311	2.6	2.8	3.0	10.3	61.3	908.2	0.00	0.0	15.0	24.2
08.05.2021 01:47:00	303	307	310	2.7	2.9	3.0	10.3	61.3	908.2	0.00	0.0	14.9	24.2
08.05.2021 01:47:10	303	308	312	2.6	2.9	3.1	10.3	61.3	908.2	0.00	0.0	14.7	23.9
08.05.2021 01:47:20	306	309	312	2.6	2.8	3.0	10.3	61.3	908.2	0.00	0.0	14.6	22.5
08.05.2021 01:47:30	305	308	311	2.7	2.9	3.1	10.3	61.3	908.2	0.00	0.0	14.7	23.7
08.05.2021 01:47:40	307	309	313	2.7	2.8	3.0	10.4	61.3	908.2	0.00	0.0	14.9	24.2
08.05.2021 01:47:50	305	309	312	2.7	2.9	3.0	10.4	61.3	908.2	0.00	0.0	15.0	24.2
08.05.2021 01:48:00	305	309	312	2.8	3.0	3.1	10.4	61.3	908.2	0.00	0.0	15.0	24.2
08.05.2021 01:48:10	305	308	311	2.8	3.0	3.1	10.4	61.3	908.2	0.00	0.0	14.8	24.1
08.05.2021 01:48:20	307	308	311	3.0	3.1	3.1	10.4	61.3	908.2	0.00	0.0	14.7	23.7
08.05.2021 01:48:30	308	309	311	3.0	3.1	3.2	10.4	61.3	908.2	0.00	0.0	14.7	23.6
08.05.2021 01:48:40	307	311	317	2.9	3.0	3.1	10.5	62.3	908.2	0.00	0.0	14.8	23.9
08.05.2021 01:48:50	314	321	326	2.6	2.8	3.0	10.5	62.3	908.2	0.00	0.0	15.0	24.2
08.05.2021 01:49:00	321	325	329	2.5	2.6	2.7	10.5	62.3	908.2	0.00	0.0	15.0	24.2
08.05.2021 01:49:10	319	325	329	2.3	2.5	2.6	10.5	62.3	908.2	0.00	0.0	14.9	24.2
08.05.2021 01:49:20	313	318	325	2.4	2.5	2.9	10.5	62.3	908.2	0.00	0.0	14.8	24.0
08.05.2021 01:49:30	312	317	325	2.2	2.6	3.0	10.5	62.3	908.2	0.00	0.0	14.7	23.9
08.05.2021 01:49:40	311	317	324	2.4	2.6	2.8	10.7	61.1	908.2	0.00	0.0	14.8	23.7
08.05.2021 01:49:50	314	321	329	2.2	2.5	2.7	10.7	61.1	908.2	0.00	0.0	14.9	24.3
08.05.2021 01:50:00	320	323	327	2.1	2.3	2.6	10.7	61.1	908.2	0.00	0.0	15.1	24.2
08.05.2021 01:50:10	321	325	328	2.0	2.1	2.3	10.7	61.1	908.2	0.00	0.0	14.9	24.2
08.05.2021 01:50:20	321	325	329	2.1	2.2	2.3	10.7	61.1	908.2	0.00	0.0	14.8	24.1
08.05.2021 01:50:30	320	324	326	2.1	2.2	2.2	10.7	61.1	908.2	0.00	0.0	14.7	23.7
08.05.2021 01:50:40	324	327	330	2.0	2.1	2.2	10.7	59.5	908.3	0.00	0.0	14.8	23.7
08.05.2021 01:50:50	324	328	332	1.9	2.1	2.2	10.7	59.5	908.3	0.00	0.0	14.9	24.0
08.05.2021 01:51:00	315	322	328	2.0	2.1	2.2	10.7	59.5	908.3	0.00	0.0	15.0	24.2
08.05.2021 01:51:10	316	320	324	1.9	2.1	2.2	10.7	59.5	908.3	0.00	0.0	15.0	24.2
08.05.2021 01:51:20	316	321	326	1.9	2.1	2.3	10.7	59.5	908.3	0.00	0.0	15.0	24.2
08.05.2021 01:51:30	324	328	332	1.9	2.1	2.2	10.7	59.5	908.3	0.00	0.0	14.8	24.1
08.05.2021 01:51:40	321	329	336	1.9	2.1	2.2	10.7	58.1	908.3	0.00	0.0	14.7	23.8
08.05.2021 01:51:50	322	327	336	2.0	2.1	2.2	10.7	58.1	908.3	0.00	0.0	14.7	23.7
08.05.2021 01:52:00	317	323	330	2.0	2.0	2.1	10.7	58.1	908.3	0.00	0.0	14.9	24.1
08.05.2021 01:52:10	316	322	328	1.9	2.1	2.3	10.7	58.1	908.3	0.00	0.0	15.1	24.2
08.05.2021 01:52:20	315	322	329	2.0	2.2	2.3	10.7	58.1	908.3	0.00	0.0	15.0	24.2
08.05.2021 01:52:30	319	323	326	2.0	2.2	2.4	10.7	58.1	908.3	0.00	0.0	15.0	24.2
08.05.2021 01:52:40	322	326	329	2.2	2.3	2.5	10.6	57.9	908.2	0.00	0.0	14.8	24.2
08.05.2021 01:52:50	322	326	332	2.1	2.3	2.5	10.6	57.9	908.2	0.00	0.0	14.6	23.7
08.05.2021 01:53:00	320	325	331	2.1	2.3	2.4	10.6	57.9	908.2	0.00	0.0	14.6	22.5
08.05.2021 01:53:10	317	322	327	2.2	2.3	2.4	10.6	57.9	908.2	0.00	0.0	14.9	24.0
08.05.2021 01:53:20	315	322	327	2.0	2.3	2.5	10.6	57.9	908.2	0.00	0.0	15.1	24.2
08.05.2021 01:53:30	317	320	325	2.1	2.3	2.5	10.6	57.9	908.2	0.00	0.0	15.1	24.2
08.05.2021 01:53:40	316	321	326	2.2	2.3	2.4	10.6	57.8	908.2	0.00	0.0	15.0	24.2
08.05.2021 01:53:50	318	323	329	2.1	2.2	2.4	10.6	57.8	908.2	0.00	0.0	14.9	24.2
08.05.2021 01:54:00	315	323	329	2.1	2.3	2.5	10.6	57.8	908.2	0.00	0.0	14.7	23.7
08.05.2021 01:54:10	316	322	327	2.2	2.3	2.5	10.6	57.8	908.2	0.00	0.0	14.6	22.7
08.05.2021 01:54:20	318	323	327	2.2	2.4	2.5	10.6	57.8	908.2	0.00	0.0	14.8	23.7
08.05.2021 01:54:30	318	322	328	2.3	2.4	2.6	10.6	57.8	908.2	0.00	0.0	14.9	24.1
08.05.2021 01:54:40	314	321	327	2.2	2.4	2.5	10.5	58.0	908.2	0.00	0.0	15.1	24.2
08.05.2021 01:54:50	317	321	326	2.3	2.4	2.5	10.5	58.0	908.2	0.00	0.0	15.0	24.2
08.05.2021 01:55:00	312	320	325	2.2	2.4	2.5	10.5	58.0	908.2	0.00	0.0	14.9	24.2
08.05.2021 01:55:10	317	321	329	2.3	2.4	2.7	10.5	58.0	908.2	0.00	0.0	14.7	23.9
08.05.2021 01:55:20	318	321	325	2.2	2.3	2.6	10.5	58.0	908.2	0.00	0.0	14.7	22.6
08.05.2021 01:55:30	314	320	327	2.1	2.4	2.7	10.5	58.0	908.2	0.00	0.0	14.8	23.7
08.05.2021 01:55:40	316	320	325	2.3	2.4	2.7	10.4	58.7	908.2	0.00	0.0	14.9	24.2
08.05.2021 01:55:50	315	320	325	2.2	2.4	2.5	10.4	58.7	908.2	0.00	0.0	15.0	24.2
08.05.2021 01:56:00	316	322	327	2.2	2.3	2.5	10.4	58.7	908.2	0.00	0.0	15.0	24.2
08.05.2021 01:56:10	317	322	330	2.1	2.3	2.5	10.4	58.7	908.2	0.00	0.0	14.8	24.2
08.05.2021 01:56:20	318	323	329	2.0	2.2	2.3	10.4	58.7	908.2	0.00	0.0	14.7	23.7
08.05.2021 01:56:30	317	321	329	2.0	2.1	2.3	10.4	58.7	908.2	0.00	0.0	14.7	22.5
08.05.2021 01:56:40	314	321	325	1.9	2.1	2.3	10.4	59.0	908.3	0.00	0.0	14.8	24.0
08.05.2021 01:56:50	316	321	329	2.0	2.2	2.3	10.4	59.0	908.3	0.00	0.0	15.0	24.3
08.05.2021 01:57:00	317	322	329	1.9	2.1	2.2	10.4	59.0	908.3	0.00	0.0	15.1	24.2
08.05.2021 01:57:10	316	323	327	2.0	2.2	2.3	10.4	59.0	908.3	0.00	0.0	15.0	24.2
08.05.2021 01:57:20	319	324	331	1.9	2.1	2.3	10.4	59.0	908.3	0.00	0.0	14.9	24.2
08.05.2021 01:57:30	316	319	323	1.9	2.1	2.3	10.4	59.0	908.3	0.00	0.0	14.7	23.7
08.05.2021 01:57:40	314	321	327	1.9	2.0	2.3	10.3	59.7	908.3	0.00	0.0	14.7	23.6
08.05.2021 01:57:50	318	323	329	2.0	2.1	2.4	10.3	59.7	908.3	0.00	0.0	14.8	24.0
08.05.2021 01:58:00	312	320	328	2.0	2.4	2.6	10.3	59.7	908.3	0.00	0.0	15.1	24.2
08.05.2021 01:58:10	314	319	327	2.1	2.4	2.5	10.3	59.7	908.3	0.00	0.0	15.1	24.2
08.05.2021 01:58:20	315	320	325	2.2	2.3	2.5	10.3	59.7	908.3	0.00	0.0	14.9	24.2
08.05.2021 01:58:30	316	320	326	2.1	2.4	2.6	10.3	59.7	908.3	0.00	0.0	14.8	24.1
08.05.2021 01:58:40	315	320	326	2.3	2.5	2.8	10.3	60.8	908.3	0.00	0.0	14.6	22.7
08.05.2021 01:58:50	315	320	326	2.3	2.5	2.7	10.3	60.8	908.3	0.00	0.0	14.6	22.6
08.05.2021 01:59:00	314	322	328	2.3	2.5	2.6	10.3	60.8	908.3	0.00	0.0	14.8	24.0
08.05.2021 01:59:10	317	324	330	2.4	2.5	2.7	10.3	60.8	908.3	0.00	0.0	15.0	24.3
08.05.2021 01:59:20	316	321	327	2.3	2.4	2.7	10.3	60.8	908.3	0.00	0.0	15.1	24.2
08.05.2021 01:59:30	315	321	326	2.2	2.4	2.6	10.3	60.8	908.3	0.00	0.0	15.0	24.2
08.05.2021 01:59:40	313	319	324	2.1	2.2	2.4	10.4	60.8	908.3	0.00	0.0	14.8	24.1
08.05.2021 01:59:50	312	317	324	2.0	2.1	2.3	10.4	60.8	908.3	0.00	0.0	14.7	23.7
08.05.2021 02:00:00	308	313	318	1.9	2.0	2.2	10.4	60.8	908.3	0.00	0.0	14.8	23.9
08.05.2021 02:00:10	302	307	311	1.8	2.0	2.1	10.4	60.8	908.3	0.00	0.0	14.9	24.1
08.05.2021 02:00:20	297	302	307	1.7	1.9	2.1	10.4	60.8	908.3	0.00	0.0	15.1	24.2
08.05.2021 02:00:30	294	299	306	1.8	2.0	2.2	10.4	60.8	908.3	0.00	0.0	15.0	24.2
08.05.2021 02:00:40	295	300	304	2.0	2.1	2.3	10.4	59.4	908.3	0.00	0.0	14.8	24.1
08.05.2021 02:00:50	301	303	306	2.2	2.3	2.5	10.4	59.4	908.3	0.00	0.0	14.7	23.7
08.05.2021 02:01:00	304	307	309	2.3	2.4	2.5	10.4	59.4	908.3	0.00	0.0	14.7	23.6
08.05.2021 02:01:10	307	309	314	2.3	2.5	2.5	10.4	59.4	908.3	0.00	0.0	14.8	23.9
08.05.2021 02:01:20	308	312	315	2.4	2.5	2.6	10.4	59.4	908.3	0.00	0.0	15.0	24.2
08.05.2021 02:01:30	311	314	317	2.3	2.5	2.6	10.4	59.4	908.3	0.00	0.0	15.0	24.2
08.05.2021 02:01:40	311	314	318	2.4	2.5	2.6	10.4	62.0	908.3	0.00	0.0	15.0	24.2
08.05.2021 02:01:50	312	316	319	2.4	2.5	2.6	10.4	62.0	908.3	0.00	0.0	14.8	24.1
08.05.2021 02:02:00	313	316	319	2.3	2.5	2.6	10.4	62.0	908.3	0.00	0.0	14.7	23.7
08.05.2021 02:02:10	312	315	318	2.3	2.4	2.6	10.4	62.0	908.3	0.00	0.0	14.7	23.9
08.05.2021 02:02:20	311	315	318	2.3	2.4	2.5	10.4	62.0	908.3	0.00	0.0	14.9	24.0
08.05.2021 02:02:30	312	314	319	2.4	2.5	2.6	10.4	62.0	908.3	0.00	0.0	15.0	24.2
08.05.2021 02:02:40	311	314	317	2.4	2.5	2.5	10.4	61.7	908.3	0.00	0.0	15.0	24.2
08.05.2021 02:02:50	311	315	319	2.3	2.5	2.6	10.4	61.7	908.3	0.00	0.0	14.9	24.2
08.05.2021 02:03:00	314	316	319	2.3	2.4	2.5	10.4	61.7	908.3	0.00	0.0	14.8	24.1
08.05.2021 02:03:10	312	316	321	2.3	2.4	2.5	10.4	61.7	908.3	0.00	0.0	14.6	23.7
08.05.2021 02:03:20	315	318	321	2.3	2.4	2.5	10.4	61.7	908.3	0.00	0.0	14.7	23.7
08.05.2021 02:03:30	315	318	323	2.2	2.4	2.5	10.4	61.7	908.3	0.00	0.0	14.9	24.1
08.05.2021 02:03:40	315	318	321	2.3	2.4	2.6	10.5	61.2	908.3	0.00	0.0	15.1	24.2
08.05.2021 02:03:50	317	319	321	2.3	2.4	2.6	10.5	61.2	908.3	0.00	0.0	15.1	24.2
08.05.2021 02:04:00	315	318	321	2.3	2.4	2.5	10.5	61.2	908.3	0.00	0.0	14.9	24.2
08.05.2021 02:04:10	315	317	320	2.3	2.5	2.6	10.5	61.2	908.3	0.00	0.0	14.8	24.0
08.05.2021 02:04:20	315	318	321	2.2	2.5	2.6	10.5	61.2	908.3	0.00	0.0	14.7	23.7
08.05.2021 02:04:30	316	318	321	2.4	2.5	2.6	10.5	61.2	908.3	0.00	0.0	14.7	23.8
08.05.2021 02:04:40	315	319	322	2.3	2.5	2.6	10.5	60.9	908.3	0.00	0.0	14.9	24.1
08.05.2021 02:04:50	313	318	326	2.3	2.5	2.6	10.5	60.9	908.3	0.00	0.0	15.1	24.2
08.05.2021 02:05:00	313	317	321	2.3	2.4	2.5	10.5	60.9	908.3	0.00	0.0	15.0	24.2
08.05.2021 02:05:10	313	317	321	2.3	2.4	2.6	10.5	60.9	908.3	0.00	0.0	14.9	24.1
08.05.2021 02:05:20	313	318	321	2.2	2.4	2.5	10.5	60.9	908.3	0.00	0.0	14.8	24.0
08.05.2021 02:05:30	315	318	322	2.2	2.3	2.4	10.5	60.9	908.3	0.00	0.0	14.7	23.7
08.05.2021 02:05:40	314	319	322	2.2	2.3	2.4	10.5	60.3	908.3	0.00	0.0	14.8	23.7
08.05.2021 02:05:50	312	319	325	2.0	2.2	2.4	10.5	60.3	908.3	0.00	0.0	14.9	24.1
08.05.2021 02:06:00	308	315	321	2.1	2.2	2.3	10.5	60.3	908.3	0.00	0.0	15.0	24.2
08.05.2021 02:06:10	308	313	320	2.0	2.2	2.4	10.5	60.3	908.3	0.00	0.0	15.0	24.2
08.05.2021 02:06:20	307	315	322	1.8	2.1	2.5	10.5	60.3	908.3	0.00	0.0	14.8	24.2
08.05.2021 02:06:30	310	315	321	2.0	2.2	2.3	10.5	60.3	908.3	0.00	0.0	14.7	23.7
08.05.2021 02:06:40	309	315	324	1.9	2.1	2.4	10.5	59.7	908.3	0.00	0.0	14.7	23.5
08.05.2021 02:06:50	308	317	321	1.9	2.2	2.4	10.5	59.7	908.3	0.00	0.0	14.8	23.9
08.05.2021 02:07:00	311	318	324	1.8	2.0	2.3	10.5	59.7	908.3	0.00	0.0	15.0	24.2
08.05.2021 02:07:10	309	316	321	1.9	2.0	2.2	10.5	59.7	908.3	0.00	0.0	15.0	24.2
08.05.2021 02:07:20	311	318	325	1.9	2.0	2.1	10.5	59.7	908.3	0.00	0.0	14.9	24.2
08.05.2021 02:07:30	311	317	326	1.8	2.0	2.2	10.5	59.7	908.3	0.00	0.0	14.8	24.1
08.05.2021 02:07:40	315	319	324	1.8	2.0	2.1	10.4	60.0	908.3	0.00	0.0	14.7	23.8
08.05.2021 02:07:50	313	320	325	1.8	2.1	2.2	10.4	60.0	908.3	0.00	0.0	14.7	22.5
08.05.2021 02:08:00	316	321	328	2.0	2.2	2.4	10.4	60.0	908.3	0.00	0.0	14.8	24.0
08.05.2021 02:08:10	316	321	326	1.9	2.1	2.2	10.4	60.0	908.3	0.00	0.0	15.1	24.3
08.05.2021 02:08:20	315	323	330	1.8	2.1	2.4	10.4	60.0	908.3	0.00	0.0	15.1	24.2
08.05.2021 02:08:30	320	326	333	1.9	2.1	2.3	10.4	60.0	908.3	0.00	0.0	15.0	24.2
08.05.2021 02:08:40	320	327	334	2.0	2.1	2.3	10.3	61.1	908.3	0.00	0.0	14.8	24.2
08.05.2021 02:08:50	317	328	336	1.8	2.1	2.2	10.3	61.1	908.3	0.00	0.0	14.7	23.7
08.05.2021 02:09:00	323	328	336	1.9	2.1	2.2	10.3	61.1	908.3	0.00	0.0	14.6	22.7
08.05.2021 02:09:10	318	328	337	1.9	2.1	2.3	10.3	61.1	908.3	0.00	0.0	14.8	24.0
08.05.2021 02:09:20	317	327	334	2.0	2.2	2.3	10.3	61.1	908.3	0.00	0.0	15.0	24.1
08.05.2021 02:09:30	321	328	334	2.1	2.3	2.5	10.3	61.1	908.3	0.00	0.0	15.0	24.2
08.05.2021 02:09:40	323	327	332	2.1	2.3	2.5	10.3	61.9	908.3	0.00	0.0	15.0	24.2
08.05.2021 02:09:50	320	324	328	2.3	2.4	2.5	10.3	61.9	908.3	0.00	0.0	14.8	24.0
08.05.2021 02:10:00	321	325	328	2.4	2.5	2.5	10.3	61.9	908.3	0.00	0.0	14.7	23.7
08.05.2021 02:10:10	320	323	327	2.4	2.5	2.6	10.3	61.9	908.3	0.00	0.0	14.7	23.6
08.05.2021 02:10:20	321	323	326	2.5	2.6	2.7	10.3	61.9	908.3	0.00	0.0	14.9	24.1
08.05.2021 02:10:30	319	322	327	2.5	2.6	2.7	10.3	61.9	908.3	0.00	0.0	14.9	24.2
08.05.2021 02:10:40	318	322	325	2.5	2.5	2.6	10.3	62.9	908.3	0.00	0.0	14.9	24.2
08.05.2021 02:10:50	319	321	326	2.3	2.4	2.6	10.3	62.9	908.3	0.00	0.0	14.8	24.1
08.05.2021 02:11:00	319	321	324	2.3	2.4	2.5	10.3	62.9	908.3	0.00	0.0	14.8	23.7
08.05.2021 02:11:10	320	322	325	2.2	2.4	2.4	10.3	62.9	908.3	0.00	0.0	14.7	23.7
08.05.2021 02:11:20	318	321	323	2.3	2.4	2.4	10.3	62.9	908.3	0.00	0.0	14.9	24.0
08.05.2021 02:11:30	318	320	323	2.3	2.4	2.4	10.3	62.9	908.3	0.00	0.0	15.0	24.2
08.05.2021 02:11:40	317	320	323	2.3	2.4	2.5	10.4	63.4	908.2	0.00	0.0	15.0	24.2
08.05.2021 02:11:50	314	317	321	2.2	2.3	2.4	10.4	63.4	908.2	0.00	0.0	14.9	24.2
08.05.2021 02:12:00	313	316	319	2.2	2.3	2.4	10.4	63.4	908.2	0.00	0.0	14.9	24.2
08.05.2021 02:12:10	313	315	318	2.2	2.3	2.3	10.4	63.4	908.2	0.00	0.0	14.8	24.0
08.05.2021 02:12:20	313	315	319	2.1	2.1	2.2	10.4	63.4	908.2	0.00	0.0	14.7	23.6
08.05.2021 02:12:30	311	313	315	2.0	2.1	2.2	10.4	63.4	908.2	0.00	0.0	14.8	24.0
08.05.2021 02:12:40	311	313	316	1.9	2.0	2.1	10.6	62.4	908.2	0.00	0.0	15.0	24.2
08.05.2021 02:12:50	309	313	317	1.8	1.9	2.1	10.6	62.4	908.2	0.00	0.0	15.0	24.2
08.05.2021 02:13:00	309	314	319	1.8	1.9	2.1	10.6	62.4	908.2	0.00	0.0	15.1	24.2
08.05.2021 02:13:10	310	314	318	1.9	2.0	2.1	10.6	62.4	908.2	0.00	0.0	14.8	24.2
08.05.2021 02:13:20	312	316	319	1.7	1.8	1.9	10.6	62.4	908.2	0.00	0.0	14.7	23.9
08.05.2021 02:13:30	313	316	320	1.7	1.8	1.8	10.6	62.4	908.2	0.00	0.0	14.7	23.8
08.05.2021 02:13:40	311	315	318	1.6	1.7	1.8	10.7	61.3	908.3	0.00	0.0	14.9	24.0
08.05.2021 02:13:50	314	318	322	1.5	1.6	1.7	10.7	61.3	908.3	0.00	0.0	15.1	24.3
08.05.2021 02:14:00	315	320	325	1.6	1.7	1.8	10.7	61.3	908.3	0.00	0.0	15.1	24.2
08.05.2021 02:14:10	309	318	325	1.7	2.0	2.2	10.7	61.3	908.3	0.00	0.0	15.0	24.2
08.05.2021 02:14:20	317	321	324	1.8	1.9	2.0	10.7	61.3	908.3	0.00	0.0	14.9	24.2
08.05.2021 02:14:30	318	323	327	1.8	1.9	2.1	10.7	61.3	908.3	0.00	0.0	14.7	23.7
08.05.2021 02:14:40	319	323	329	1.7	1.8	1.9	10.7	61.4	908.2	0.00	0.0	14.7	23.7
08.05.2021 02:14:50	320	324	328	1.7	1.8	1.9	10.7	61.4	908.2	0.00	0.0	14.8	24.0
08.05.2021 02:15:00	320	324	329	1.6	1.7	1.8	10.7	61.4	908.2	0.00	0.0	15.0	24.2
08.05.2021 02:15:10	321	326	332	1.5	1.6	1.8	10.7	61.4	908.2	0.00	0.0	15.1	24.2
08.05.2021 02:15:20	319	326	330	1.5	1.6	1.7	10.7	61.4	908.2	0.00	0.0	15.1	24.2
08.05.2021 02:15:30	320	328	333	1.5	1.5	1.7	10.7	61.4	908.2	0.00	0.0	14.8	24.2
08.05.2021 02:15:40	324	329	335	1.4	1.6	1.7	10.7	60.6	908.2	0.00	0.0	14.8	24.0
08.05.2021 02:15:50	324	329	336	1.5	1.6	1.7	10.7	60.6	908.2	0.00	0.0	14.7	23.8
08.05.2021 02:16:00	322	325	328	1.5	1.6	1.7	10.7	60.6	908.2	0.00	0.0	14.8	24.0
08.05.2021 02:16:10	322	327	333	1.4	1.5	1.6	10.7	60.6	908.2	0.00	0.0	15.0	24.3
08.05.2021 02:16:20	324	328	334	1.4	1.5	1.6	10.7	60.6	908.2	0.00	0.0	15.0	24.2
08.05.2021 02:16:30	325	329	335	1.3	1.4	1.5	10.7	60.6	908.2	0.00	0.0	15.0	24.2
08.05.2021 02:16:40	330	336	341	1.3	1.4	1.5	10.7	60.0	908.2	0.00	0.0	15.0	24.1
08.05.2021 02:16:50	330	335	339	1.4	1.4	1.5	10.7	60.0	908.2	0.00	0.0	14.8	24.0
08.05.2021 02:17:00	327	334	344	1.2	1.4	1.5	10.7	60.0	908.2	0.00	0.0	14.7	23.7
08.05.2021 02:17:10	318	329	349	1.0	1.2	1.4	10.7	60.0	908.2	0.00	0.0	14.8	24.0
08.05.2021 02:17:20	320	334	351	0.8	1.1	1.2	10.7	60.0	908.2	0.00	0.0	15.0	24.2
08.05.2021 02:17:30	015	349	333	0.8	0.9	1.2	10.7	60.0	908.2	0.00	0.0	15.1	24.2
08.05.2021 02:17:40	318	334	353	0.8	1.0	1.3	10.6	59.6	908.2	0.00	0.0	15.1	24.2
08.05.2021 02:17:50	314	330	344	0.8	1.0	1.2	10.6	59.6	908.2	0.00	0.0	14.9	24.2
08.05.2021 02:18:00	316	333	348	0.9	1.1	1.3	10.6	59.6	908.2	0.00	0.0	14.8	24.1
08.05.2021 02:18:10	321	334	344	0.9	1.2	1.4	10.6	59.6	908.2	0.00	0.0	14.7	23.7
08.05.2021 02:18:20	321	330	338	1.1	1.2	1.3	10.6	59.6	908.2	0.00	0.0	14.8	23.9
08.05.2021 02:18:30	322	327	335	1.0	1.1	1.3	10.6	59.6	908.2	0.00	0.0	14.9	24.1
08.05.2021 02:18:40	315	323	331	1.0	1.1	1.2	10.4	60.1	908.2	0.00	0.0	15.0	24.2
08.05.2021 02:18:50	316	325	335	0.9	1.0	1.1	10.4	60.1	908.2	0.00	0.0	15.1	24.2
08.05.2021 02:19:00	322	330	335	0.8	0.9	1.1	10.4	60.1	908.2	0.00	0.0	15.0	24.2
08.05.2021 02:19:10	331	335	341	0.8	0.8	1.0	10.4	60.1	908.2	0.00	0.0	14.8	24.2
08.05.2021 02:19:20	331	339	000	0.6	0.8	1.0	10.4	60.1	908.2	0.00	0.0	14.8	23.7
08.05.2021 02:19:30	330	340	350	0.7	0.9	1.0	10.4	60.1	908.2	0.00	0.0	14.7	23.7
08.05.2021 02:19:40	015	349	324	0.5	0.7	0.9	10.4	60.2	908.3	0.00	0.0	14.9	24.2
08.05.2021 02:19:50	059	015	338	0.3	0.5	0.8	10.4	60.2	908.3	0.00	0.0	15.0	24.2
08.05.2021 02:20:00	075	024	335	0.1	0.5	0.8	10.4	60.2	908.3	0.00	0.0	15.0	24.2
08.05.2021 02:20:10	056	006	330	0.4	0.6	0.9	10.4	60.2	908.3	0.00	0.0	15.0	24.2
08.05.2021 02:20:20	043	067	104	0.4	0.5	0.8	10.4	60.2	908.3	0.00	0.0	14.9	24.2
08.05.2021 02:20:30	090	059	333	0.1	0.3	0.5	10.4	60.2	908.3	0.00	0.0	14.8	24.0
08.05.2021 02:20:40	093	045	332	0.0	0.4	0.6	10.3	60.2	908.3	0.00	0.0	14.8	24.0
08.05.2021 02:20:50	004	038	069	0.4	0.5	0.6	10.3	60.2	908.3	0.00	0.0	14.9	24.0
08.05.2021 02:21:00	057	025	357	0.4	0.7	1.0	10.3	60.2	908.3	0.00	0.0	15.0	24.2
08.05.2021 02:21:10	008	347	329	0.7	0.9	1.1	10.3	60.2	908.3	0.00	0.0	15.0	24.2
08.05.2021 02:21:20	030	010	342	0.6	0.8	1.0	10.3	60.2	908.3	0.00	0.0	15.0	24.2
08.05.2021 02:21:30	058	016	348	0.2	0.6	0.9	10.3	60.2	908.3	0.00	0.0	14.8	24.0
08.05.2021 02:21:40	030	042	063	0.3	0.7	0.9	10.2	59.3	908.3	0.00	0.0	14.7	24.1
08.05.2021 02:21:50	026	039	055	0.7	0.8	0.9	10.2	59.3	908.3	0.00	0.0	14.8	23.7
08.05.2021 02:22:00	023	036	060	0.5	0.7	1.0	10.2	59.3	908.3	0.00	0.0	14.8	23.9
08.05.2021 02:22:10	004	030	056	0.5	0.7	0.9	10.2	59.3	908.3	0.00	0.0	15.0	24.2
08.05.2021 02:22:20	008	023	037	0.6	0.8	0.9	10.2	59.3	908.3	0.00	0.0	15.1	24.2
08.05.2021 02:22:30	052	015	356	0.5	0.8	1.1	10.2	59.3	908.3	0.00	0.0	15.0	24.2
08.05.2021 02:22:40	031	017	000	0.7	1.0	1.1	10.1	59.3	908.3	0.00	0.0	14.9	24.2
08.05.2021 02:22:50	026	006	342	0.5	0.8	1.1	10.1	59.3	908.3	0.00	0.0	14.7	24.0
08.05.2021 02:23:00	026	007	353	0.5	0.9	1.2	10.1	59.3	908.3	0.00	0.0	14.7	23.7
08.05.2021 02:23:10	024	010	358	0.7	1.0	1.4	10.1	59.3	908.3	0.00	0.0	14.8	23.7
08.05.2021 02:23:20	321	343	357	1.0	1.2	1.4	10.1	59.3	908.3	0.00	0.0	14.9	24.2
08.05.2021 02:23:30	018	349	334	0.9	1.2	1.6	10.1	59.3	908.3	0.00	0.0	15.1	24.2
08.05.2021 02:23:40	005	344	309	0.7	1.1	1.4	10.0	60.2	908.3	0.00	0.0	15.1	24.2
08.05.2021 02:23:50	338	347	356	0.7	1.1	1.2	10.0	60.2	908.3	0.00	0.0	15.0	24.2
08.05.2021 02:24:00	007	345	330	1.0	1.2	1.4	10.0	60.2	908.3	0.00	0.0	14.9	24.2
08.05.2021 02:24:10	010	348	337	1.1	1.5	1.8	10.0	60.2	908.3	0.00	0.0	14.8	24.0
08.05.2021 02:24:20	336	345	357	1.2	1.4	1.6	10.0	60.2	908.3	0.00	0.0	14.7	23.7
08.05.2021 02:24:30	336	348	358	0.8	1.4	1.7	10.0	60.2	908.3	0.00	0.0	14.8	24.0
08.05.2021 02:24:40	339	347	353	1.4	1.6	1.7	10.0	60.2	908.3	0.00	0.0	15.0	24.2
08.05.2021 02:24:50	003	347	333	1.2	1.5	1.8	10.0	60.2	908.3	0.00	0.0	15.0	24.2
08.05.2021 02:25:00	330	339	350	1.4	1.6	1.9	10.0	60.2	908.3	0.00	0.0	15.0	24.2
08.05.2021 02:25:10	331	340	349	1.3	1.5	1.9	10.0	60.2	908.3	0.00	0.0	14.9	24.1
08.05.2021 02:25:20	011	345	335	1.0	1.3	1.6	10.0	60.2	908.3	0.00	0.0	14.7	24.0
08.05.2021 02:25:30	336	344	351	1.3	1.5	1.7	10.0	60.2	908.3	0.00	0.0	14.8	23.8
08.05.2021 02:25:40	337	345	352	1.5	1.7	1.8	10.1	60.5	908.3	0.00	0.0	14.9	23.9
08.05.2021 02:25:50	332	339	346	1.4	1.6	1.8	10.1	60.5	908.3	0.00	0.0	14.9	24.3
08.05.2021 02:26:00	327	340	351	1.4	1.6	1.9	10.1	60.5	908.3	0.00	0.0	15.0	24.2
08.05.2021 02:26:10	332	342	353	1.6	1.8	2.0	10.1	60.5	908.3	0.00	0.0	14.8	24.2
08.05.2021 02:26:20	335	345	353	1.5	1.7	1.8	10.1	60.5	908.3	0.00	0.0	14.7	24.0
08.05.2021 02:26:30	004	343	325	1.2	1.5	1.7	10.1	60.5	908.3	0.00	0.0	14.7	23.7
08.05.2021 02:26:40	336	343	350	1.4	1.5	1.7	10.2	60.4	908.3	0.00	0.0	14.9	24.1
08.05.2021 02:26:50	337	347	356	1.5	1.7	1.9	10.2	60.4	908.3	0.00	0.0	15.0	24.2
08.05.2021 02:27:00	337	347	000	1.4	1.7	1.9	10.2	60.4	908.3	0.00	0.0	15.0	24.2
08.05.2021 02:27:10	003	352	346	1.3	1.7	1.9	10.2	60.4	908.3	0.00	0.0	14.9	24.2
08.05.2021 02:27:20	335	345	356	1.2	1.8	2.0	10.2	60.4	908.3	0.00	0.0	14.7	24.1
08.05.2021 02:27:30	337	344	353	1.6	1.8	2.0	10.2	60.4	908.3	0.00	0.0	14.7	23.7
08.05.2021 02:27:40	326	336	341	1.5	1.6	1.8	10.2	60.8	908.3	0.00	0.0	14.9	24.0
08.05.2021 02:27:50	331	339	347	1.5	1.6	1.8	10.2	60.8	908.3	0.00	0.0	14.9	24.3
08.05.2021 02:28:00	329	339	349	1.6	1.7	1.9	10.2	60.8	908.3	0.00	0.0	15.0	24.2
08.05.2021 02:28:10	334	341	349	1.6	1.8	1.9	10.2	60.8	908.3	0.00	0.0	15.0	24.2
08.05.2021 02:28:20	329	336	343	1.6	1.8	1.9	10.2	60.8	908.3	0.00	0.0	14.9	24.2
08.05.2021 02:28:30	330	337	344	1.5	1.8	1.9	10.2	60.8	908.3	0.00	0.0	14.8	23.9
08.05.2021 02:28:40	330	339	344	1.5	1.6	1.7	10.3	59.8	908.3	0.00	0.0	14.7	23.7
08.05.2021 02:28:50	329	341	348	1.4	1.6	1.8	10.3	59.8	908.3	0.00	0.0	14.8	24.0
08.05.2021 02:29:00	338	345	349	1.5	1.6	1.7	10.3	59.8	908.3	0.00	0.0	15.0	24.2
08.05.2021 02:29:10	338	347	352	1.5	1.6	1.7	10.3	59.8	908.3	0.00	0.0	15.1	24.2
08.05.2021 02:29:20	341	346	351	1.5	1.7	1.8	10.3	59.8	908.3	0.00	0.0	15.0	24.2
08.05.2021 02:29:30	334	345	355	1.6	1.7	1.9	10.3	59.8	908.3	0.00	0.0	14.9	24.2
08.05.2021 02:29:40	341	346	352	1.5	1.7	1.8	10.3	58.9	908.3	0.00	0.0	14.7	23.9
08.05.2021 02:29:50	339	345	350	1.5	1.7	1.9	10.3	58.9	908.3	0.00	0.0	14.7	22.7
08.05.2021 02:30:00	336	344	352	1.7	1.8	1.9	10.3	58.9	908.3	0.00	0.0	14.9	24.0
08.05.2021 02:30:10	336	344	349	1.6	1.8	1.9	10.3	58.9	908.3	0.00	0.0	15.0	24.3
08.05.2021 02:30:20	335	344	351	1.6	1.7	1.9	10.3	58.9	908.3	0.00	0.0	15.0	24.2
08.05.2021 02:30:30	338	343	351	1.5	1.6	1.7	10.3	58.9	908.3	0.00	0.0	15.0	24.2
08.05.2021 02:30:40	335	345	350	1.6	1.7	1.8	10.3	58.2	908.2	0.00	0.0	14.9	24.2
08.05.2021 02:30:50	338	344	351	1.6	1.8	1.9	10.3	58.2	908.2	0.00	0.0	14.7	24.0
08.05.2021 02:31:00	337	343	349	1.6	1.7	1.8	10.3	58.2	908.2	0.00	0.0	14.7	22.7
08.05.2021 02:31:10	336	341	350	1.6	1.7	1.9	10.3	58.2	908.2	0.00	0.0	14.8	23.7
08.05.2021 02:31:20	335	341	346	1.6	1.7	1.9	10.3	58.2	908.2	0.00	0.0	15.0	24.2
08.05.2021 02:31:30	338	342	350	1.5	1.6	1.8	10.3	58.2	908.2	0.00	0.0	15.1	24.2
08.05.2021 02:31:40	333	342	354	1.3	1.7	1.8	10.3	58.1	908.3	0.00	0.0	15.0	24.2
08.05.2021 02:31:50	335	340	347	1.7	1.9	2.0	10.3	58.1	908.3	0.00	0.0	15.0	24.2
08.05.2021 02:32:00	328	338	344	1.6	1.8	1.9	10.3	58.1	908.3	0.00	0.0	14.8	24.0
08.05.2021 02:32:10	329	341	354	1.6	1.7	1.8	10.3	58.1	908.3	0.00	0.0	14.7	22.7
08.05.2021 02:32:20	331	336	344	1.6	1.7	1.9	10.3	58.1	908.3	0.00	0.0	14.7	23.7
08.05.2021 02:32:30	331	336	342	1.8	1.9	1.9	10.3	58.1	908.3	0.00	0.0	14.8	24.1
08.05.2021 02:32:40	321	334	339	1.7	1.8	1.9	10.2	58.6	908.3	0.00	0.0	15.2	24.2
08.05.2021 02:32:50	329	335	341	1.7	1.8	2.0	10.2	58.6	908.3	0.00	0.0	15.1	24.2
08.05.2021 02:33:00	328	333	339	1.6	1.8	1.9	10.2	58.6	908.3	0.00	0.0	15.0	24.2
08.05.2021 02:33:10	329	336	344	1.5	1.7	1.8	10.2	58.6	908.3	0.00	0.0	14.8	24.1
08.05.2021 02:33:20	331	336	342	1.6	1.7	1.9	10.2	58.6	908.3	0.00	0.0	14.8	24.0
08.05.2021 02:33:30	328	334	342	1.6	1.8	1.9	10.2	58.6	908.3	0.00	0.0	14.7	23.7
08.05.2021 02:33:40	320	328	338	1.8	1.9	2.0	10.2	59.2	908.3	0.00	0.0	14.8	24.1
08.05.2021 02:33:50	319	325	333	1.6	1.8	2.0	10.2	59.2	908.3	0.00	0.0	15.1	24.2
08.05.2021 02:34:00	317	325	335	1.5	1.6	1.7	10.2	59.2	908.3	0.00	0.0	15.0	24.2
08.05.2021 02:34:10	317	325	333	1.5	1.7	1.9	10.2	59.2	908.3	0.00	0.0	14.9	24.2
08.05.2021 02:34:20	322	329	336	1.6	1.7	1.9	10.2	59.2	908.3	0.00	0.0	14.8	23.8
08.05.2021 02:34:30	319	327	333	1.6	1.7	1.8	10.2	59.2	908.3	0.00	0.0	14.7	23.8
08.05.2021 02:34:40	323	328	333	1.5	1.7	1.7	10.2	59.6	908.3	0.00	0.0	14.8	23.9
08.05.2021 02:34:50	318	328	338	1.5	1.6	1.8	10.2	59.6	908.3	0.00	0.0	14.9	24.1
08.05.2021 02:35:00	317	325	334	1.6	1.8	2.0	10.2	59.6	908.3	0.00	0.0	15.0	24.2
08.05.2021 02:35:10	320	330	344	1.5	1.7	1.9	10.2	59.6	908.3	0.00	0.0	14.9	24.2
08.05.2021 02:35:20	321	327	335	1.5	1.6	1.7	10.2	59.6	908.3	0.00	0.0	14.8	24.1
08.05.2021 02:35:30	314	327	337	1.4	1.5	1.8	10.2	59.6	908.3	0.00	0.0	14.7	23.7
08.05.2021 02:35:40	312	323	336	1.4	1.6	1.7	10.0	59.7	908.3	0.00	0.0	14.7	23.7
08.05.2021 02:35:50	314	322	332	1.4	1.5	1.7	10.0	59.7	908.3	0.00	0.0	14.8	24.0
08.05.2021 02:36:00	311	321	330	1.2	1.5	1.8	10.0	59.7	908.3	0.00	0.0	15.0	24.2
08.05.2021 02:36:10	306	318	324	1.4	1.6	1.8	10.0	59.7	908.3	0.00	0.0	15.0	24.2
08.05.2021 02:36:20	308	315	328	1.2	1.6	1.9	10.0	59.7	908.3	0.00	0.0	14.9	24.2
08.05.2021 02:36:30	305	313	328	1.7	1.8	2.0	10.0	59.7	908.3	0.00	0.0	14.7	24.1
08.05.2021 02:36:40	308	313	320	1.8	1.9	2.1	9.8	59.8	908.3	0.00	0.0	14.7	22.7
08.05.2021 02:36:50	309	312	316	1.8	1.9	2.0	9.8	59.8	908.3	0.00	0.0	14.7	22.5
08.05.2021 02:37:00	308	311	314	1.8	2.0	2.1	9.8	59.8	908.3	0.00	0.0	14.9	24.0
08.05.2021 02:37:10	302	308	311	1.9	2.0	2.1	9.8	59.8	908.3	0.00	0.0	15.0	24.2
08.05.2021 02:37:20	300	304	308	1.8	2.0	2.1	9.8	59.8	908.3	0.00	0.0	15.0	24.2
08.05.2021 02:37:30	302	305	309	1.9	2.1	2.2	9.8	59.8	908.3	0.00	0.0	14.9	24.2
08.05.2021 02:37:40	300	304	307	1.8	1.9	2.1	9.8	61.3	908.3	0.00	0.0	14.7	23.8
08.05.2021 02:37:50	296	301	307	1.7	1.9	2.1	9.8	61.3	908.3	0.00	0.0	14.6	22.5
08.05.2021 02:38:00	292	299	306	1.6	1.8	2.0	9.8	61.3	908.3	0.00	0.0	14.7	23.5
08.05.2021 02:38:10	285	295	303	1.4	1.7	1.8	9.8	61.3	908.3	0.00	0.0	14.9	24.1
08.05.2021 02:38:20	279	289	300	1.3	1.6	1.7	9.8	61.3	908.3	0.00	0.0	15.1	24.2
08.05.2021 02:38:30	267	283	294	1.3	1.5	1.7	9.8	61.3	908.3	0.00	0.0	15.0	24.2
08.05.2021 02:38:40	255	276	293	1.2	1.4	1.6	9.7	60.5	908.3	0.00	0.0	14.9	24.2
08.05.2021 02:38:50	156	259	323	0.5	1.1	1.5	9.7	60.5	908.3	0.00	0.0	14.7	23.7
08.05.2021 02:39:00	108	230	303	0.2	0.7	1.2	9.7	60.5	908.3	0.00	0.0	14.6	22.5
08.05.2021 02:39:10	176	221	256	0.5	1.1	1.5	9.7	60.5	908.3	0.00	0.0	14.7	23.5
08.05.2021 02:39:20	204	213	232	1.1	1.2	1.3	9.7	60.5	908.3	0.00	0.0	14.9	24.0
08.05.2021 02:39:30	205	211	218	1.2	1.3	1.5	9.7	60.5	908.3	0.00	0.0	15.0	24.2
08.05.2021 02:39:40	175	208	220	0.7	1.0	1.2	9.6	59.6	908.3	0.00	0.0	14.9	24.2
08.05.2021 02:39:50	197	206	220	0.6	0.9	1.1	9.6	59.6	908.3	0.00	0.0	14.8	24.1
08.05.2021 02:40:00	198	213	219	1.0	1.3	1.6	9.6	59.6	908.3	0.00	0.0	14.6	22.7
08.05.2021 02:40:10	202	211	218	1.0	1.2	1.3	9.6	59.6	908.3	0.00	0.0	14.7	23.6
08.05.2021 02:40:20	210	217	228	1.1	1.5	1.8	9.6	59.6	908.3	0.00	0.0	14.8	23.9
08.05.2021 02:40:30	207	216	225	1.5	1.7	1.9	9.6	59.6	908.3	0.00	0.0	14.9	24.2
08.05.2021 02:40:40	213	227	247	1.2	1.6	1.8	9.5	60.4	908.3	0.00	0.0	14.9	24.2
08.05.2021 02:40:50	213	233	276	0.6	1.2	1.7	9.5	60.4	908.3	0.00	0.0	14.8	23.7
08.05.2021 02:41:00	189	238	283	0.4	0.6	1.0	9.5	60.4	908.3	0.00	0.0	14.6	22.7
08.05.2021 02:41:10	164	317	220	0.2	0.5	0.8	9.5	60.4	908.3	0.00	0.0	14.8	23.7
08.05.2021 02:41:20	123	261	319	0.1	0.4	0.7	9.5	60.4	908.3	0.00	0.0	15.0	24.2
08.05.2021 02:41:30	142	242	289	0.1	0.5	0.9	9.5	60.4	908.3	0.00	0.0	15.1	24.2
08.05.2021 02:41:40	088	240	358	0.2	0.5	1.0	9.4	61.5	908.3	0.00	0.0	15.1	24.2
08.05.2021 02:41:50	014	251	136	0.2	0.5	0.7	9.4	61.5	908.3	0.00	0.0	15.0	24.2
08.05.2021 02:42:00	023	255	113	0.2	0.5	0.9	9.4	61.5	908.3	0.00	0.0	14.8	24.1
08.05.2021 02:42:10	197	272	299	0.2	0.6	1.3	9.4	61.5	908.3	0.00	0.0	14.7	24.0
08.05.2021 02:42:20	082	254	116	0.1	0.5	0.9	9.4	61.5	908.3	0.00	0.0	14.7	23.7
08.05.2021 02:42:30	178	278	341	0.3	0.9	1.3	9.4	61.5	908.3	0.00	0.0	14.9	24.0
08.05.2021 02:42:40	016	280	216	0.2	0.7	1.2	9.3	62.5	908.3	0.00	0.0	15.0	24.2
08.05.2021 02:42:50	253	283	326	0.5	1.2	1.7	9.3	62.5	908.3	0.00	0.0	15.0	24.2
08.05.2021 02:43:00	270	278	286	1.3	1.5	1.6	9.3	62.5	908.3	0.00	0.0	14.8	24.1
08.05.2021 02:43:10	268	279	288	1.2	1.6	1.9	9.3	62.5	908.3	0.00	0.0	14.7	23.7
08.05.2021 02:43:20	268	281	293	1.3	1.6	1.7	9.3	62.5	908.3	0.00	0.0	14.6	22.7
08.05.2021 02:43:30	230	270	308	0.6	1.2	1.5	9.3	62.5	908.3	0.00	0.0	14.8	23.9
08.05.2021 02:43:40	095	241	319	0.2	0.9	1.4	9.3	62.4	908.3	0.00	0.0	14.9	24.1
08.05.2021 02:43:50	012	260	133	0.1	0.7	1.0	9.3	62.4	908.3	0.00	0.0	15.1	24.2
08.05.2021 02:44:00	070	135	290	0.1	0.3	0.7	9.3	62.4	908.3	0.00	0.0	15.1	24.2
08.05.2021 02:44:10	222	229	302	0.2	0.5	0.9	9.3	62.4	908.3	0.00	0.0	15.0	24.2
08.05.2021 02:44:20	176	265	351	0.4	0.7	1.1	9.3	62.4	908.3	0.00	0.0	14.9	24.2
08.05.2021 02:44:30	009	231	057	0.1	0.4	0.8	9.3	62.4	908.3	0.00	0.0	14.7	24.0
08.05.2021 02:44:40	145	278	354	0.1	0.5	1.0	9.2	62.1	908.3	0.00	0.0	14.7	23.7
08.05.2021 02:44:50	129	239	308	0.2	0.7	1.3	9.2	62.1	908.3	0.00	0.0	14.8	24.0
08.05.2021 02:45:00	195	246	309	0.2	0.7	1.2	9.2	62.1	908.3	0.00	0.0	14.9	24.1
08.05.2021 02:45:10	182	301	357	0.1	0.4	0.7	9.2	62.1	908.3	0.00	0.0	15.0	24.2
08.05.2021 02:45:20	144	233	358	0.1	1.0	1.7	9.2	62.1	908.3	0.00	0.0	15.0	24.2
08.05.2021 02:45:30	018	275	202	0.4	0.8	1.5	9.2	62.1	908.3	0.00	0.0	14.8	24.1
08.05.2021 02:45:40	246	197	278	0.2	0.5	1.1	9.1	62.1	908.3	0.00	0.0	14.7	23.7
08.05.2021 02:45:50	110	242	315	0.3	0.8	1.5	9.1	62.1	908.3	0.00	0.0	14.7	23.7
08.05.2021 02:46:00	002	299	202	0.3	0.6	1.0	9.1	62.1	908.3	0.00	0.0	14.8	24.0
08.05.2021 02:46:10	115	264	353	0.2	0.5	0.9	9.1	62.1	908.3	0.00	0.0	15.0	24.2
08.05.2021 02:46:20	110	277	346	0.3	0.7	1.1	9.1	62.1	908.3	0.00	0.0	15.0	24.2
08.05.2021 02:46:30	135	234	213	0.3	0.8	1.5	9.1	62.1	908.3	0.00	0.0	15.0	24.2
08.05.2021 02:46:40	227	283	355	0.3	1.1	1.8	9.0	62.5	908.3	0.00	0.0	14.8	24.1
08.05.2021 02:46:50	055	348	149	0.6	0.9	1.3	9.0	62.5	908.3	0.00	0.0	14.6	23.7
08.05.2021 02:47:00	051	245	172	0.2	1.3	1.9	9.0	62.5	908.3	0.00	0.0	14.6	22.5
08.05.2021 02:47:10	234	274	335	0.8	1.5	2.6	9.0	62.5	908.3	0.00	0.0	14.7	23.7
08.05.2021 02:47:20	007	338	064	0.6	1.1	2.4	9.0	62.5	908.3	0.00	0.0	14.8	24.0
08.05.2021 02:47:30	307	287	337	0.3	1.0	1.7	9.0	62.5	908.3	0.00	0.0	15.0	24.2
08.05.2021 02:47:40	125	292	358	0.3	0.8	1.2	8.9	63.4	908.3	0.00	0.0	15.0	24.2
08.05.2021 02:47:50	037	288	099	0.6	1.0	2.1	8.9	63.4	908.3	0.00	0.0	14.9	24.2
08.05.2021 02:48:00	108	242	340	0.3	0.9	1.7	8.9	63.4	908.3	0.00	0.0	14.7	24.0
08.05.2021 02:48:10	250	136	284	0.3	0.7	1.4	8.9	63.4	908.3	0.00	0.0	14.7	23.7
08.05.2021 02:48:20	014	336	145	0.2	0.8	1.8	8.9	63.4	908.3	0.00	0.0	14.8	23.7
08.05.2021 02:48:30	126	255	337	0.3	0.9	1.7	8.9	63.4	908.3	0.00	0.0	14.9	24.1
08.05.2021 02:48:40	055	293	241	0.5	1.2	1.8	8.8	64.3	908.3	0.00	0.0	15.0	24.2
08.05.2021 02:48:50	169	255	313	0.6	1.1	2.0	8.8	64.3	908.3	0.00	0.0	14.9	24.2
08.05.2021 02:49:00	250	275	306	0.8	1.5	2.3	8.8	64.3	908.3	0.00	0.0	14.7	23.7
08.05.2021 02:49:10	239	292	329	1.0	1.6	2.5	8.8	64.3	908.3	0.00	0.0	14.6	22.5
08.05.2021 02:49:20	258	282	310	0.7	1.5	2.5	8.8	64.3	908.3	0.00	0.0	14.7	22.6
08.05.2021 02:49:30	232	291	323	1.1	1.8	2.4	8.8	64.3	908.3	0.00	0.0	14.9	24.0
08.05.2021 02:49:40	237	284	338	0.6	1.4	2.2	8.8	64.4	908.3	0.00	0.0	15.0	24.2
08.05.2021 02:49:50	221	284	343	0.8	1.6	3.0	8.8	64.4	908.3	0.00	0.0	15.0	24.2
08.05.2021 02:50:00	235	293	327	1.1	1.6	2.5	8.8	64.4	908.3	0.00	0.0	14.8	24.0
08.05.2021 02:50:10	194	278	346	0.6	1.5	2.7	8.8	64.4	908.3	0.00	0.0	14.6	22.5
08.05.2021 02:50:20	258	294	345	0.6	1.4	2.8	8.8	64.4	908.3	0.00	0.0	14.6	23.7
08.05.2021 02:50:30	166	280	318	0.1	1.5	2.5	8.8	64.4	908.3	0.00	0.0	14.8	24.0
08.05.2021 02:50:40	257	284	306	1.1	1.9	2.6	8.9	64.1	908.3	0.00	0.0	14.9	24.1
08.05.2021 02:50:50	238	281	327	0.8	1.4	2.1	8.9	64.1	908.3	0.00	0.0	14.8	24.2
08.05.2021 02:51:00	239	278	309	0.7	1.6	2.5	8.9	64.1	908.3	0.00	0.0	14.7	24.0
08.05.2021 02:51:10	035	284	239	1.2	1.8	2.6	8.9	64.1	908.3	0.00	0.0	14.6	23.5
08.05.2021 02:51:20	204	270	318	1.0	1.9	2.4	8.9	64.1	908.3	0.00	0.0	14.7	23.7
08.05.2021 02:51:30	246	284	334	1.0	1.8	2.8	8.9	64.1	908.3	0.00	0.0	14.8	23.9
08.05.2021 02:51:40	184	284	323	0.5	1.3	2.5	8.9	64.0	908.3	0.00	0.0	14.9	24.2
08.05.2021 02:51:50	101	249	000	0.3	0.8	1.2	8.9	64.0	908.3	0.00	0.0	14.9	24.2
08.05.2021 02:52:00	151	003	206	0.5	0.8	1.5	8.9	64.0	908.3	0.00	0.0	14.9	24.2
08.05.2021 02:52:10	010	322	089	0.2	0.6	1.2	8.9	64.0	908.3	0.00	0.0	14.8	24.0
08.05.2021 02:52:20	066	178	306	0.2	0.6	1.4	8.9	64.0	908.3	0.00	0.0	14.7	23.7
08.05.2021 02:52:30	263	081	303	0.4	0.9	1.5	8.9	64.0	908.3	0.00	0.0	14.8	23.7
08.05.2021 02:52:40	208	276	314	0.5	1.3	1.9	8.8	64.7	908.3	0.00	0.0	14.9	24.2
08.05.2021 02:52:50	216	268	317	0.7	1.2	1.9	8.8	64.7	908.3	0.00	0.0	14.9	24.2
08.05.2021 02:53:00	224	276	344	0.6	1.5	2.4	8.8	64.7	908.3	0.00	0.0	14.7	24.0
08.05.2021 02:53:10	202	298	305	0.3	1.5	2.3	8.8	64.7	908.3	0.00	0.0	14.7	23.7
08.05.2021 02:53:20	248	279	309	0.7	1.4	1.9	8.8	64.7	908.3	0.00	0.0	14.7	23.7
08.05.2021 02:53:30	264	284	327	1.2	1.7	2.1	8.8	64.7	908.3	0.00	0.0	14.8	24.0
08.05.2021 02:53:40	217	277	309	0.9	1.7	2.2	8.8	64.3	908.3	0.00	0.0	14.9	24.3
08.05.2021 02:53:50	266	281	302	1.2	1.8	2.3	8.8	64.3	908.3	0.00	0.0	14.8	24.1
08.05.2021 02:54:00	263	281	297	1.0	2.0	2.6	8.8	64.3	908.3	0.00	0.0	14.7	23.7
08.05.2021 02:54:10	258	281	303	1.2	2.1	2.5	8.8	64.3	908.3	0.00	0.0	14.7	23.6
08.05.2021 02:54:20	255	279	286	1.7	2.3	2.6	8.8	64.3	908.3	0.00	0.0	14.7	23.9
08.05.2021 02:54:30	205	281	311	0.8	1.6	2.4	8.8	64.3	908.3	0.00	0.0	14.8	23.9
08.05.2021 02:54:40	205	279	301	0.8	1.8	2.2	8.8	64.4	908.3	0.00	0.0	14.9	24.2
08.05.2021 02:54:50	247	286	312	0.6	1.5	2.2	8.8	64.4	908.3	0.00	0.0	14.9	24.2
08.05.2021 02:55:00	264	283	301	1.1	1.9	2.3	8.8	64.4	908.3	0.00	0.0	14.8	24.0
08.05.2021 02:55:10	232	281	300	1.5	2.0	2.3	8.8	64.4	908.3	0.00	0.0	14.6	22.5
08.05.2021 02:55:20	260	277	291	1.7	2.0	2.1	8.8	64.4	908.3	0.00	0.0	14.6	22.5
08.05.2021 02:55:30	259	278	295	0.9	1.4	1.9	8.8	64.4	908.3	0.00	0.0	14.8	23.8
08.05.2021 02:55:40	238	277	307	0.7	1.4	2.1	8.8	64.2	908.3	0.00	0.0	15.0	24.2
08.05.2021 02:55:50	239	273	303	0.7	1.4	1.8	8.8	64.2	908.3	0.00	0.0	15.0	24.2
08.05.2021 02:56:00	234	266	291	0.8	1.4	1.7	8.8	64.2	908.3	0.00	0.0	14.9	24.2
08.05.2021 02:56:10	220	275	314	0.7	1.2	1.5	8.8	64.2	908.3	0.00	0.0	14.7	23.8
08.05.2021 02:56:20	242	273	314	0.6	1.2	1.6	8.8	64.2	908.3	0.00	0.0	14.7	23.6
08.05.2021 02:56:30	251	275	299	1.0	1.5	1.9	8.8	64.2	908.3	0.00	0.0	14.8	22.5
08.05.2021 02:56:40	239	270	324	0.4	1.0	1.4	8.8	63.5	908.3	0.00	0.0	14.9	24.0
08.05.2021 02:56:50	226	270	311	0.4	0.8	1.1	8.8	63.5	908.3	0.00	0.0	15.0	24.3
08.05.2021 02:57:00	201	268	348	0.3	0.7	1.4	8.8	63.5	908.3	0.00	0.0	15.0	24.2
08.05.2021 02:57:10	009	084	121	0.1	0.4	0.7	8.8	63.5	908.3	0.00	0.0	15.0	24.2
08.05.2021 02:57:20	055	213	346	0.1	0.4	0.7	8.8	63.5	908.3	0.00	0.0	14.8	24.1
08.05.2021 02:57:30	305	257	315	0.1	0.3	0.5	8.8	63.5	908.3	0.00	0.0	14.8	23.8
08.05.2021 02:57:40	053	309	070	0.2	0.4	0.9	8.8	63.3	908.3	0.00	0.0	14.9	24.0
08.05.2021 02:57:50	105	269	288	0.2	0.6	1.1	8.8	63.3	908.3	0.00	0.0	15.0	24.2
08.05.2021 02:58:00	040	265	180	0.2	0.5	1.0	8.8	63.3	908.3	0.00	0.0	14.9	24.2
08.05.2021 02:58:10	145	239	352	0.0	0.5	0.9	8.8	63.3	908.3	0.00	0.0	14.8	23.9
08.05.2021 02:58:20	147	241	341	0.1	0.5	0.9	8.8	63.3	908.3	0.00	0.0	14.7	23.7
08.05.2021 02:58:30	109	225	332	0.1	0.5	1.0	8.8	63.3	908.3	0.00	0.0	14.7	23.7
08.05.2021 02:58:40	116	224	284	0.3	0.5	1.1	8.7	63.6	908.3	0.00	0.0	14.9	24.2
08.05.2021 02:58:50	199	238	292	0.4	0.8	1.2	8.7	63.6	908.3	0.00	0.0	15.0	24.2
08.05.2021 02:59:00	193	247	356	0.2	0.7	1.1	8.7	63.6	908.3	0.00	0.0	14.9	24.2
08.05.2021 02:59:10	198	234	270	0.4	0.9	1.2	8.7	63.6	908.3	0.00	0.0	14.8	24.0
08.05.2021 02:59:20	194	229	288	0.6	1.1	1.3	8.7	63.6	908.3	0.00	0.0	14.6	22.6
08.05.2021 02:59:30	203	227	244	0.9	1.2	1.4	8.7	63.6	908.3	0.00	0.0	14.7	23.6
08.05.2021 02:59:40	160	228	301	0.3	0.7	1.1	8.7	63.9	908.3	0.00	0.0	14.8	24.1
08.05.2021 02:59:50	165	231	292	0.2	0.7	1.1	8.7	63.9	908.3	0.00	0.0	15.1	24.2
08.05.2021 03:00:00	188	253	330	0.2	0.5	0.9	8.7	63.9	908.3	0.00	0.0	15.0	24.2
08.05.2021 03:00:10	116	239	310	0.2	0.5	0.6	8.7	63.9	908.3	0.00	0.0	14.9	24.2
08.05.2021 03:00:20	103	196	282	0.2	0.4	0.9	8.7	63.9	908.3	0.00	0.0	14.8	24.1
08.05.2021 03:00:30	005	248	314	0.2	0.5	1.0	8.7	63.9	908.3	0.00	0.0	14.7	23.7
08.05.2021 03:00:40	131	210	282	0.2	0.5	0.9	8.7	63.7	908.3	0.00	0.0	14.7	23.7
08.05.2021 03:00:50	125	232	331	0.2	0.5	0.9	8.7	63.7	908.3	0.00	0.0	14.9	24.1
08.05.2021 03:01:00	136	219	290	0.2	0.5	0.7	8.7	63.7	908.3	0.00	0.0	15.0	24.2
08.05.2021 03:01:10	137	189	257	0.1	0.4	1.0	8.7	63.7	908.3	0.00	0.0	15.1	24.2
08.05.2021 03:01:20	120	241	351	0.1	0.3	0.6	8.7	63.7	908.3	0.00	0.0	14.9	24.2
08.05.2021 03:01:30	203	285	333	0.0	0.4	0.8	8.7	63.7	908.3	0.00	0.0	14.9	24.2
08.05.2021 03:01:40	171	215	253	0.1	0.5	0.7	8.6	63.4	908.3	0.00	0.0	14.7	24.0
08.05.2021 03:01:50	161	225	337	0.2	0.4	0.6	8.6	63.4	908.3	0.00	0.0	14.7	23.7
08.05.2021 03:02:00	157	262	317	0.1	0.5	0.8	8.6	63.4	908.3	0.00	0.0	14.8	23.9
08.05.2021 03:02:10	230	200	294	0.1	0.3	0.5	8.6	63.4	908.3	0.00	0.0	15.0	24.3
08.05.2021 03:02:20	286	328	358	0.1	0.3	0.5	8.6	63.4	908.3	0.00	0.0	15.2	24.2
08.05.2021 03:02:30	228	294	354	0.2	0.3	0.5	8.6	63.4	908.3	0.00	0.0	15.2	24.3
08.05.2021 03:02:40	054	354	312	0.1	0.2	0.3	8.6	63.2	908.3	0.00	0.0	15.1	24.2
08.05.2021 03:02:50	090	322	146	0.0	0.2	0.4	8.6	63.2	908.3	0.00	0.0	15.0	24.2
08.05.2021 03:03:00	286	303	346	0.1	0.3	0.5	8.6	63.2	908.3	0.00	0.0	14.9	24.2
08.05.2021 03:03:10	296	320	344	0.3	0.5	0.6	8.6	63.2	908.3	0.00	0.0	14.8	24.0
08.05.2021 03:03:20	288	309	340	0.4	0.6	0.7	8.6	63.2	908.3	0.00	0.0	14.7	23.7
08.05.2021 03:03:30	301	318	338	0.5	0.7	1.0	8.6	63.2	908.3	0.00	0.0	14.8	23.9
08.05.2021 03:03:40	308	329	358	0.3	0.6	0.8	8.6	63.0	908.4	0.00	0.0	15.0	24.2
08.05.2021 03:03:50	304	326	352	0.2	0.5	0.7	8.6	63.0	908.4	0.00	0.0	15.1	24.2
08.05.2021 03:04:00	310	328	337	0.5	0.7	0.9	8.6	63.0	908.4	0.00	0.0	15.1	24.2
08.05.2021 03:04:10	303	315	332	0.8	1.0	1.2	8.6	63.0	908.4	0.00	0.0	15.0	24.2
08.05.2021 03:04:20	294	317	335	0.9	1.0	1.2	8.6	63.0	908.4	0.00	0.0	14.9	24.2
08.05.2021 03:04:30	312	317	326	0.6	1.0	1.2	8.6	63.0	908.4	0.00	0.0	14.7	24.0
08.05.2021 03:04:40	309	314	322	0.9	1.0	1.2	8.6	63.6	908.4	0.00	0.0	14.7	23.7
08.05.2021 03:04:50	314	321	326	0.8	0.9	1.0	8.6	63.6	908.4	0.00	0.0	14.8	24.0
08.05.2021 03:05:00	318	322	329	0.9	1.0	1.1	8.6	63.6	908.4	0.00	0.0	15.0	24.2
08.05.2021 03:05:10	319	325	332	0.9	1.0	1.1	8.6	63.6	908.4	0.00	0.0	15.1	24.2
08.05.2021 03:05:20	324	331	338	1.0	1.1	1.2	8.6	63.6	908.4	0.00	0.0	15.1	24.2
08.05.2021 03:05:30	305	326	344	0.8	1.0	1.2	8.6	63.6	908.4	0.00	0.0	15.1	24.2
08.05.2021 03:05:40	327	334	338	0.9	1.0	1.1	8.7	63.6	908.4	0.00	0.0	14.9	24.2
08.05.2021 03:05:50	315	323	334	0.9	1.1	1.2	8.7	63.6	908.4	0.00	0.0	14.7	23.8
08.05.2021 03:06:00	304	315	326	0.8	0.9	1.1	8.7	63.6	908.4	0.00	0.0	14.7	23.7
08.05.2021 03:06:10	302	311	320	0.9	1.2	1.3	8.7	63.6	908.4	0.00	0.0	14.9	24.1
08.05.2021 03:06:20	309	317	334	0.9	1.0	1.2	8.7	63.6	908.4	0.00	0.0	15.0	24.2
08.05.2021 03:06:30	304	310	320	0.9	1.1	1.3	8.7	63.6	908.4	0.00	0.0	15.0	24.2
08.05.2021 03:06:40	312	318	323	1.2	1.2	1.4	8.8	63.0	908.3	0.00	0.0	15.0	24.2
08.05.2021 03:06:50	319	323	330	1.2	1.2	1.3	8.8	63.0	908.3	0.00	0.0	14.8	24.1
08.05.2021 03:07:00	318	322	327	1.2	1.3	1.4	8.8	63.0	908.3	0.00	0.0	14.7	23.7
08.05.2021 03:07:10	313	319	327	1.2	1.3	1.4	8.8	63.0	908.3	0.00	0.0	14.7	23.7
08.05.2021 03:07:20	315	323	328	1.2	1.3	1.4	8.8	63.0	908.3	0.00	0.0	14.9	24.0
08.05.2021 03:07:30	316	320	325	1.1	1.2	1.3	8.8	63.0	908.3	0.00	0.0	15.1	24.2
08.05.2021 03:07:40	315	321	332	1.2	1.2	1.4	8.9	62.4	908.3	0.00	0.0	15.1	24.2
08.05.2021 03:07:50	313	323	332	1.2	1.3	1.5	8.9	62.4	908.3	0.00	0.0	15.0	24.2
08.05.2021 03:08:00	320	329	341	1.2	1.3	1.5	8.9	62.4	908.3	0.00	0.0	14.9	24.2
08.05.2021 03:08:10	303	323	335	1.2	1.6	1.8	8.9	62.4	908.3	0.00	0.0	14.7	23.7
08.05.2021 03:08:20	311	324	335	1.3	1.6	1.8	8.9	62.4	908.3	0.00	0.0	14.7	23.6
08.05.2021 03:08:30	323	327	335	1.7	1.8	2.0	8.9	62.4	908.3	0.00	0.0	14.8	24.0
08.05.2021 03:08:40	322	330	343	1.6	1.9	2.5	9.0	61.9	908.4	0.00	0.0	14.9	24.2
08.05.2021 03:08:50	320	331	344	1.9	2.2	2.6	9.0	61.9	908.4	0.00	0.0	15.0	24.2
08.05.2021 03:09:00	325	332	342	1.7	2.0	2.2	9.0	61.9	908.4	0.00	0.0	14.9	24.2
08.05.2021 03:09:10	324	336	346	2.0	2.2	2.3	9.0	61.9	908.4	0.00	0.0	14.8	23.9
08.05.2021 03:09:20	331	339	347	1.9	2.2	2.3	9.0	61.9	908.4	0.00	0.0	14.6	23.7
08.05.2021 03:09:30	329	337	346	1.9	2.0	2.2	9.0	61.9	908.4	0.00	0.0	14.7	23.7
08.05.2021 03:09:40	007	341	325	1.4	1.6	1.8	9.1	61.6	908.4	0.00	0.0	14.9	24.0
08.05.2021 03:09:50	342	350	358	1.5	1.6	1.8	9.1	61.6	908.4	0.00	0.0	15.1	24.2
08.05.2021 03:10:00	329	348	357	1.3	1.7	2.0	9.1	61.6	908.4	0.00	0.0	15.1	24.2
08.05.2021 03:10:10	328	338	350	1.3	1.6	1.8	9.1	61.6	908.4	0.00	0.0	14.9	24.2
08.05.2021 03:10:20	326	335	342	1.3	1.5	1.7	9.1	61.6	908.4	0.00	0.0	14.8	24.1
08.05.2021 03:10:30	325	335	346	1.4	1.5	1.7	9.1	61.6	908.4	0.00	0.0	14.7	23.7
08.05.2021 03:10:40	330	342	350	1.2	1.4	1.6	9.3	60.5	908.4	0.00	0.0	14.7	23.7
08.05.2021 03:10:50	021	349	336	1.0	1.3	1.4	9.3	60.5	908.4	0.00	0.0	14.9	24.0
08.05.2021 03:11:00	008	348	338	1.0	1.3	1.5	9.3	60.5	908.4	0.00	0.0	15.0	24.2
08.05.2021 03:11:10	005	352	343	1.1	1.3	1.5	9.3	60.5	908.4	0.00	0.0	15.1	24.2
08.05.2021 03:11:20	006	344	322	1.1	1.5	1.9	9.3	60.5	908.4	0.00	0.0	15.0	24.2
08.05.2021 03:11:30	332	349	000	1.3	1.4	1.7	9.3	60.5	908.4	0.00	0.0	14.8	24.1
08.05.2021 03:11:40	007	358	344	1.3	1.4	1.6	9.3	60.0	908.4	0.00	0.0	14.7	23.7
08.05.2021 03:11:50	013	003	354	1.1	1.3	1.6	9.3	60.0	908.4	0.00	0.0	14.7	23.6
08.05.2021 03:12:00	041	003	335	0.4	1.0	1.5	9.3	60.0	908.4	0.00	0.0	14.8	24.0
08.05.2021 03:12:10	032	003	343	0.8	1.0	1.3	9.3	60.0	908.4	0.00	0.0	15.0	24.2
08.05.2021 03:12:20	029	004	324	0.8	1.3	1.7	9.3	60.0	908.4	0.00	0.0	15.1	24.2
08.05.2021 03:12:30	021	351	336	0.6	0.9	1.3	9.3	60.0	908.4	0.00	0.0	15.0	24.2
08.05.2021 03:12:40	019	000	310	0.5	0.8	1.2	9.3	59.5	908.4	0.00	0.0	14.8	24.0
08.05.2021 03:12:50	036	011	351	1.0	1.2	1.4	9.3	59.5	908.4	0.00	0.0	14.8	23.7
08.05.2021 03:13:00	026	013	354	0.9	1.1	1.3	9.3	59.5	908.4	0.00	0.0	14.7	24.0
08.05.2021 03:13:10	036	002	323	0.6	0.9	1.4	9.3	59.5	908.4	0.00	0.0	14.9	24.0
08.05.2021 03:13:20	018	006	351	0.7	0.9	1.2	9.3	59.5	908.4	0.00	0.0	15.0	24.2
08.05.2021 03:13:30	004	018	036	0.4	0.8	1.2	9.3	59.5	908.4	0.00	0.0	15.0	24.2
08.05.2021 03:13:40	018	006	354	0.8	0.9	1.1	9.2	59.4	908.4	0.00	0.0	14.9	24.2
08.05.2021 03:13:50	023	010	353	0.7	0.9	1.2	9.2	59.4	908.4	0.00	0.0	14.8	24.1
08.05.2021 03:14:00	013	353	331	0.4	0.7	1.1	9.2	59.4	908.4	0.00	0.0	14.7	23.9
08.05.2021 03:14:10	040	358	319	0.2	0.5	0.7	9.2	59.4	908.4	0.00	0.0	14.7	23.7
08.05.2021 03:14:20	028	342	315	0.6	0.9	1.3	9.2	59.4	908.4	0.00	0.0	14.9	24.1
08.05.2021 03:14:30	337	349	358	0.8	1.1	1.3	9.2	59.4	908.4	0.00	0.0	15.1	24.2
08.05.2021 03:14:40	339	349	000	1.0	1.2	1.4	9.2	59.8	908.4	0.00	0.0	15.0	24.2
08.05.2021 03:14:50	004	350	344	1.0	1.2	1.3	9.2	59.8	908.4	0.00	0.0	15.0	24.2
08.05.2021 03:15:00	020	355	344	0.7	1.1	1.6	9.2	59.8	908.4	0.00	0.0	14.8	24.2
08.05.2021 03:15:10	003	346	312	0.8	1.1	1.3	9.2	59.8	908.4	0.00	0.0	14.7	23.7
08.05.2021 03:15:20	013	356	346	0.9	1.1	1.5	9.2	59.8	908.4	0.00	0.0	14.7	23.7
08.05.2021 03:15:30	010	346	312	0.8	1.1	1.3	9.2	59.8	908.4	0.00	0.0	14.8	24.0
08.05.2021 03:15:40	017	358	348	0.8	0.9	1.0	9.3	59.8	908.4	0.00	0.0	15.1	24.2
08.05.2021 03:15:50	043	016	356	0.6	0.8	1.0	9.3	59.8	908.4	0.00	0.0	15.1	24.2
08.05.2021 03:16:00	010	356	326	0.7	0.9	1.2	9.3	59.8	908.4	0.00	0.0	15.0	24.2
08.05.2021 03:16:10	306	326	344	0.5	0.6	0.8	9.3	59.8	908.4	0.00	0.0	14.9	24.2
08.05.2021 03:16:20	004	324	294	0.2	0.5	0.6	9.3	59.8	908.4	0.00	0.0	14.8	24.0
08.05.2021 03:16:30	030	002	335	0.3	0.5	0.6	9.3	59.8	908.4	0.00	0.0	14.7	22.7
08.05.2021 03:16:40	331	344	358	0.5	0.6	0.7	9.3	59.6	908.4	0.00	0.0	14.8	24.0
08.05.2021 03:16:50	030	344	322	0.4	0.5	0.7	9.3	59.6	908.4	0.00	0.0	14.9	24.1
08.05.2021 03:17:00	030	008	351	0.4	0.5	0.6	9.3	59.6	908.4	0.00	0.0	15.1	24.2
08.05.2021 03:17:10	039	349	305	0.2	0.5	0.8	9.3	59.6	908.4	0.00	0.0	15.1	24.2
08.05.2021 03:17:20	020	329	270	0.2	0.5	0.8	9.3	59.6	908.4	0.00	0.0	15.1	24.2
08.05.2021 03:17:30	009	029	064	0.3	0.6	0.8	9.3	59.6	908.4	0.00	0.0	14.9	24.2
08.05.2021 03:17:40	030	001	343	0.4	0.5	0.6	9.3	59.7	908.4	0.00	0.0	14.8	24.0
08.05.2021 03:17:50	315	334	351	0.3	0.4	0.5	9.3	59.7	908.4	0.00	0.0	14.7	23.7
08.05.2021 03:18:00	000	343	331	0.3	0.4	0.5	9.3	59.7	908.4	0.00	0.0	14.8	23.9
08.05.2021 03:18:10	066	004	331	0.1	0.3	0.4	9.3	59.7	908.4	0.00	0.0	15.1	24.2
08.05.2021 03:18:20	024	040	055	0.2	0.3	0.4	9.3	59.7	908.4	0.00	0.0	15.2	24.2
08.05.2021 03:18:30	005	028	053	0.3	0.4	0.5	9.3	59.7	908.4	0.00	0.0	15.2	24.2
08.05.2021 03:18:40	013	029	046	0.3	0.4	0.5	9.3	59.4	908.4	0.00	0.0	15.2	24.2
08.05.2021 03:18:50	030	042	054	0.3	0.5	0.8	9.3	59.4	908.4	0.00	0.0	15.0	24.2
08.05.2021 03:19:00	012	026	045	0.5	0.6	0.8	9.3	59.4	908.4	0.00	0.0	14.9	24.2
08.05.2021 03:19:10	008	022	046	0.5	0.6	0.8	9.3	59.4	908.4	0.00	0.0	14.8	24.0
08.05.2021 03:19:20	020	031	046	0.5	0.6	0.7	9.3	59.4	908.4	0.00	0.0	14.7	23.7
08.05.2021 03:19:30	012	031	046	0.3	0.6	0.9	9.3	59.4	908.4	0.00	0.0	14.8	23.7
08.05.2021 03:19:40	004	027	042	0.4	0.8	1.0	9.3	59.3	908.4	0.00	0.0	14.9	24.2
08.05.2021 03:19:50	013	030	047	0.7	0.8	0.9	9.3	59.3	908.4	0.00	0.0	15.0	24.2
08.05.2021 03:20:00	040	046	057	0.7	0.9	1.3	9.3	59.3	908.4	0.00	0.0	15.0	24.2
08.05.2021 03:20:10	023	035	049	0.8	1.1	1.4	9.3	59.3	908.4	0.00	0.0	14.9	24.2
08.05.2021 03:20:20	015	035	054	1.0	1.2	1.6	9.3	59.3	908.4	0.00	0.0	14.8	24.0
08.05.2021 03:20:30	026	037	054	0.9	1.3	1.7	9.3	59.3	908.4	0.00	0.0	14.7	22.7
08.05.2021 03:20:40	005	042	071	0.5	1.2	1.7	9.3	59.8	908.4	0.00	0.0	14.8	23.7
08.05.2021 03:20:50	021	038	095	0.5	1.1	1.6	9.3	59.8	908.4	0.00	0.0	14.8	23.9
08.05.2021 03:21:00	016	037	058	0.7	1.2	1.6	9.3	59.8	908.4	0.00	0.0	14.9	24.2
08.05.2021 03:21:10	021	041	077	0.9	1.2	1.5	9.3	59.8	908.4	0.00	0.0	14.9	24.2
08.05.2021 03:21:20	024	032	053	0.9	1.5	1.8	9.3	59.8	908.4	0.00	0.0	14.8	24.0
08.05.2021 03:21:30	018	030	042	1.0	1.5	1.9	9.3	59.8	908.4	0.00	0.0	14.7	23.7
08.05.2021 03:21:40	041	022	328	0.7	1.5	1.8	9.3	59.5	908.4	0.00	0.0	14.8	23.7
08.05.2021 03:21:50	014	030	045	1.2	1.4	1.6	9.3	59.5	908.4	0.00	0.0	14.8	24.0
08.05.2021 03:22:00	009	030	044	1.0	1.4	1.7	9.3	59.5	908.4	0.00	0.0	14.9	24.2
08.05.2021 03:22:10	012	037	056	1.0	1.4	1.7	9.3	59.5	908.4	0.00	0.0	14.9	24.2
08.05.2021 03:22:20	014	035	054	0.8	1.3	1.6	9.3	59.5	908.4	0.00	0.0	14.8	24.1
08.05.2021 03:22:30	021	036	061	0.9	1.3	1.8	9.3	59.5	908.4	0.00	0.0	14.7	23.7
08.05.2021 03:22:40	016	035	063	0.7	1.4	1.8	9.3	59.2	908.4	0.00	0.0	14.7	23.7
08.05.2021 03:22:50	004	017	040	1.0	1.5	1.8	9.3	59.2	908.4	0.00	0.0	14.8	24.0
08.05.2021 03:23:00	010	031	054	0.9	1.3	1.6	9.3	59.2	908.4	0.00	0.0	14.9	24.2
08.05.2021 03:23:10	057	019	324	0.6	1.1	1.4	9.3	59.2	908.4	0.00	0.0	14.9	24.2
08.05.2021 03:23:20	004	019	040	1.2	1.4	1.8	9.3	59.2	908.4	0.00	0.0	14.8	24.1
08.05.2021 03:23:30	008	016	027	0.8	1.6	1.8	9.3	59.2	908.4	0.00	0.0	14.7	23.7
08.05.2021 03:23:40	007	020	033	1.2	1.5	1.8	9.3	59.3	908.4	0.00	0.0	14.8	23.7
08.05.2021 03:23:50	030	017	357	0.3	1.6	2.1	9.3	59.3	908.4	0.00	0.0	14.9	24.0
08.05.2021 03:24:00	110	011	341	0.6	1.3	1.9	9.3	59.3	908.4	0.00	0.0	15.0	24.2
08.05.2021 03:24:10	030	010	352	1.2	1.6	1.8	9.3	59.3	908.4	0.00	0.0	15.0	24.2
08.05.2021 03:24:20	023	009	347	1.1	1.4	1.6	9.3	59.3	908.4	0.00	0.0	14.8	24.2
08.05.2021 03:24:30	030	350	333	1.1	1.4	1.8	9.3	59.3	908.4	0.00	0.0	14.7	23.7
08.05.2021 03:24:40	015	000	340	1.0	1.5	1.8	9.3	59.5	908.5	0.00	0.0	14.8	23.7
08.05.2021 03:24:50	011	357	336	1.0	1.3	1.6	9.3	59.5	908.5	0.00	0.0	14.9	24.1
08.05.2021 03:25:00	342	349	358	1.3	1.6	1.7	9.3	59.5	908.5	0.00	0.0	15.1	24.2
08.05.2021 03:25:10	332	350	358	0.8	1.3	1.6	9.3	59.5	908.5	0.00	0.0	15.0	24.2
08.05.2021 03:25:20	025	355	334	0.9	1.3	1.4	9.3	59.5	908.5	0.00	0.0	14.9	24.2
08.05.2021 03:25:30	022	344	323	0.7	1.0	1.2	9.3	59.5	908.5	0.00	0.0	14.8	24.0
08.05.2021 03:25:40	007	354	336	0.9	1.3	1.5	9.4	59.5	908.5	0.00	0.0	14.7	23.7
08.05.2021 03:25:50	004	343	330	0.9	1.1	1.3	9.4	59.5	908.5	0.00	0.0	14.8	24.0
08.05.2021 03:26:00	008	353	337	0.8	1.0	1.2	9.4	59.5	908.5	0.00	0.0	15.0	24.2
08.05.2021 03:26:10	327	342	354	1.0	1.2	1.4	9.4	59.5	908.5	0.00	0.0	15.2	24.2
08.05.2021 03:26:20	322	339	354	1.0	1.2	1.4	9.4	59.5	908.5	0.00	0.0	15.1	24.2
08.05.2021 03:26:30	002	350	337	1.0	1.3	1.6	9.4	59.5	908.5	0.00	0.0	15.0	24.2
08.05.2021 03:26:40	324	341	352	1.1	1.3	1.7	9.4	59.3	908.5	0.00	0.0	14.8	24.0
08.05.2021 03:26:50	323	338	351	1.2	1.4	1.6	9.4	59.3	908.5	0.00	0.0	14.6	23.7
08.05.2021 03:27:00	320	331	343	1.4	1.5	1.6	9.4	59.3	908.5	0.00	0.0	14.7	23.7
08.05.2021 03:27:10	327	338	343	1.4	1.5	1.6	9.4	59.3	908.5	0.00	0.0	14.9	24.1
08.05.2021 03:27:20	321	334	341	1.3	1.5	1.6	9.4	59.3	908.5	0.00	0.0	15.0	24.2
08.05.2021 03:27:30	324	332	343	1.3	1.6	1.8	9.4	59.3	908.5	0.00	0.0	15.1	24.2
08.05.2021 03:27:40	325	331	338	1.5	1.6	1.8	9.5	59.0	908.5	0.00	0.0	15.0	24.2
08.05.2021 03:27:50	317	326	331	1.4	1.7	1.9	9.5	59.0	908.5	0.00	0.0	14.9	24.2
08.05.2021 03:28:00	326	336	345	1.8	1.9	2.2	9.5	59.0	908.5	0.00	0.0	14.7	24.0
08.05.2021 03:28:10	296	328	356	1.2	1.6	2.1	9.5	59.0	908.5	0.00	0.0	14.6	22.5
08.05.2021 03:28:20	304	326	337	1.1	1.5	1.7	9.5	59.0	908.5	0.00	0.0	14.8	23.7
08.05.2021 03:28:30	325	332	340	1.6	1.7	1.8	9.5	59.0	908.5	0.00	0.0	15.0	24.2
08.05.2021 03:28:40	317	328	335	1.6	1.8	2.2	9.5	58.6	908.5	0.00	0.0	15.1	24.2
08.05.2021 03:28:50	308	316	328	1.4	2.0	2.4	9.5	58.6	908.5	0.00	0.0	15.1	24.2
08.05.2021 03:29:00	307	317	326	2.0	2.3	2.7	9.5	58.6	908.5	0.00	0.0	15.0	24.2
08.05.2021 03:29:10	309	319	329	1.8	2.1	2.4	9.5	58.6	908.5	0.00	0.0	14.7	24.0
08.05.2021 03:29:20	315	323	331	1.4	1.7	2.1	9.5	58.6	908.5	0.00	0.0	14.6	22.6
08.05.2021 03:29:30	317	327	334	1.3	1.4	1.5	9.5	58.6	908.5	0.00	0.0	14.7	22.5
08.05.2021 03:29:40	301	320	335	1.0	1.2	1.4	9.6	59.0	908.5	0.00	0.0	15.0	24.2
08.05.2021 03:29:50	292	302	312	1.1	1.2	1.4	9.6	59.0	908.5	0.00	0.0	15.2	24.2
08.05.2021 03:30:00	288	298	308	0.9	1.2	1.4	9.6	59.0	908.5	0.00	0.0	15.2	24.2
08.05.2021 03:30:10	161	238	287	0.3	0.8	1.3	9.6	59.0	908.5	0.00	0.0	15.1	24.2
08.05.2021 03:30:20	138	224	307	0.1	0.6	0.9	9.6	59.0	908.5	0.00	0.0	14.8	24.2
08.05.2021 03:30:30	120	254	303	0.1	0.5	1.0	9.6	59.0	908.5	0.00	0.0	14.7	23.7
08.05.2021 03:30:40	247	282	323	0.2	0.5	0.7	9.6	58.4	908.5	0.00	0.0	14.6	22.5
